4936 6000
1211 463 1230 526 9

347 661 424 730 gere
445 644 561 712 studet.
585 677 627 690 -
649 643 755 722 Atque
775 657 894 718 eorum,
914 637 1086 723 dequibus
1106 638 1200 707 modo
1223 640 1460 726 disputavimus,
1482 641 1608 721 portem
1638 653 1677 704 ex
1695 635 1855 704 Troadum
1881 633 1991 702 tabula
2011 637 2136 716 partem

348 773 388 823 ex
410 753 541 822 Hecuba
560 753 722 834 sumptam
745 765 815 816 esse
836 751 937 832 patet
979 747 1062 814 Nam
1085 764 1168 829 quae
1195 748 1351 816 Helenam
1374 750 1557 830 loquentem
1583 744 1659 812 iacit
1688 750 1792 830 poeta,
1817 761 1924 810 eorum
1947 761 2017 810 eum
2038 743 2136 824 priori

346 866 441 947 parte
461 862 627 925 revocetur
658 859 811 924 memoria
839 857 1007 924 uerborum
1043 856 1268 940 ambiguitatis,
1299 875 1363 940 qua
1384 855 1572 941 Talthybius
1595 853 1671 921 u'sus
1691 854 1872 939 Polyxenae
1893 854 2056 921 timentum
2079 854 2137 920 cir·

350 968 546 1038 cumvenerit
568 965 731 1034 Hecubam
752 963 894 1050 01800.
919 965 1191 1049 siccomoros),
1225 967 1288 1033 alia
1308 986 1349 1035 ox
1370 965 1518 1032 Hecubae
1538 969 1570 1030 et
1589 964 1728 1032 Helenae
1748 980 1902 1045 sermone,
1924 980 2018 1044 quem
2038 981 2137 1046 supra

345 1077 494 1156 diximus,
517 1076 638 1159 petivit.
681 1075 727 1144 Ut
747 1094 821 1142 vero
844 1080 1046 1157 componeret
1074 1092 1156 1156 quae
1177 1075 1216 1143 00
1242 1073 1404 1158 Polyxena
1435 1074 1508 1141 inde
1540 1077 1733 1154 sequuntur,
1766 1073 1914 1140 Hecubae
1944 1072 2136 1155 Euripideae

347 1186 504 1270 quaedam
529 1186 569 1251 ad
594 1185 781 1250 imitandum
814 1184 873 1252 sibi
904 1184 1080 1268 proposuit.
1132 1184 1287 1252 Extrema
1314 1185 1449 1264 denique
1486 1183 1540 1250 ubi
1570 1182 1725 1250 Helenam
1749 1183 1949 1250 nuntiantem
1980 1182 2134 1264 audimus,

346 1293 589 1363 Andromachae
611 1292 779 1377 Pyrrhum,
802 1291 999 1362 Cassandrae
1020 1295 1298 1376 Agamemnonem,
1321 1293 1447 1359 Ulixem
1470 1291 1618 1360 Hecubae
1640 1291 1814 1374 sequendos
1833 1310 1903 1360 esse
1924 1293 2067 1359 dominos
2087 1291 2129 1358 ab

346 1407 400 1485 eis,
422 1423 505 1487 0000
524 1405 556 1470 10
576 1403 751 1472 Troadibus
780 1403 888 1470 sabula
920 1407 1059 1484 exstant,
1084 1405 1214 1487 propius
1235 1403 1361 1470 absunt.
1414 1403 1476 1469 Illa
1507 1420 1592 1483 vero,
1622 1418 1704 1484 quae
1734 1403 1768 1467 in
1790 1401 1982 1470 Graecorum
2001 1403 2136 1470 classem

346 1513 477 1580 Hecuba
499 1517 691 1594 exsecratur,
722 1519 760 1578 ut
782 1512 894 1580 eadem
914 1530 978 1594 qua
996 1511 1068 1594 ipsa
1088 1512 1166 1578 velit
1187 1511 1276 1579 clade
1298 1510 1487 1591 adflictatur,
1508 1531 1549 1578 es
1570 1511 1744 1578 imitatione
1771 1510 1909 1592 quadam
1931 1509 2135 1595 0000000000,

347 1622 450 1705 000110
469 1623 502 1688 10
523 1621 699 1689 Troadibus
719 1621 878 1704 Euripidis
895 1627 960 1702 ast,
992 1619 1138 1688 uidentur
1159 1639 1228 1688 esse
1250 1619 1391 1687 conficta.
1440 1619 1522 1686 Nam
1550 1638 1589 1685 00
1611 1637 1649 1685 00
1670 1617 1795 1701 quidem
1816 1638 1888 1686 cum
1909 1619 2038 1703 nuptias
2059 1637 2135 1688 suas

346 1731 577 1815 Agamemnoni
599 1727 703 1796 fraudi
726 1728 794 1798 iore
814 1729 961 1808 confidat,
987 1729 1029 1795 ad
1048 1747 1162 1795 nauem
1183 1728 1282 1795 invita
1302 1730 1446 1812 sequitur
1464 1726 1676 1813 Talthybium.

445 1839 572 1922 Exigua
594 1837 721 1920 quidem
741 1838 1109 1906 intercedit'simihtudo
1138 1837 1223 1904 inter
1251 1839 1416 1918 utriusque
1447 1835 1573 1904 iabulae
1596 1835 1728 1915 chorico,
1765 1854 1847 1917 quae
1866 1837 1940 1904 inde
1960 1842 2137 1922 sequuntur

345 1949 437 2034 (Eur.
460 1949 513 2014 Th.
536 1951 620 2026 1060
633 1966 674 2016 ss.
694 1948 764 2014 800.
780 1952 859 2014 1009
879 1948 945 2033 ss).
991 1947 1075 2014 Nam
1093 1946 1262 2030 Euripides
1284 1945 1370 2014 chori
1392 1945 1542 2013 mulieres
1564 1946 1604 2012 00
1625 1945 1679 2026 010,
1701 1963 1784 2026 0000
1803 1947 1935 2028 patriae,
1957 1947 2137 2030 quaeipsis

345 2060 516 2127 acciderint
536 2058 738 2142 deplorantes
772 2058 848 2124 10011
881 2057 1092 2139 omnibusque
1119 2053 1272 2122 Helenam
1297 2055 1442 2138 precibus
1464 2054 1691 2136 detestantem
1712 2055 1797 2139 apud
1824 2054 1975 2124 Senecam
1995 2055 2135 2124 dolorem

346 2168 486 2236 Troades
517 2168 663 2250 captivae
691 2168 799 2234 levare
829 2167 960 2235 student
990 2165 1218 2250 docentes„ea
1247 2180 1330 2244 quae
1360 2161 1456 2227 etiam
1489 2162 1568 2229 alios
1593 2161 1677 2229 ferre
1699 2164 1812 2230 rideris
1834 2166 1937 2248 magis
1957 2165 2136 2232 tolerabilia

345 2277 537 2357 asscmo1a3
568 2276 802 2358 quodquidam
835 2275 984 2342 solatium
1014 2272 1166 2340 nonsibi
1195 2277 1374 2353 quemntur
1404 2275 1550 2354 ereptum
1572 2270 1640 2338 fore
1661 2272 1694 2337 10
1723 2271 1953 2346 diversissimas
1983 2273 2136 2342 Graeciae

345 2391 454 2470 partes
474 2387 657 2468 asportatis.
700 2383 849 2453 conferas
872 2402 964 2451 vero:

486 2545 559 2614 Seu.
581 2549 697 2614 89100.
719 2545 844 2630 (Andr.)
1382 2541 1458 2606 Eur.
1480 2538 1532 2604 Tr.
1556 2541 1615 2605 891
1628 2557 1669 2605 ss.
1691 2541 1796 2624 (Hoc.)

430 2727 437 2744 .
463 2729 471 2746 .
494 2679 666 2762 Quisquam
687 2677 802 2744 dubius
820 2678 862 2747 00
882 2678 1041 2746 thalamos
1064 2683 1124 2758 eat,
1327 2665 1402 2756 ὁρῶν
1423 2673 1455 2738 δὲ
1476 2673 1558 2758 τήνδε
1576 2682 1673 2758 φεῦγε,
1694 2675 1737 2759 μή
1755 2681 1782 2738 o'
1802 2677 1852 2764 ἕλη
1873 2676 1968 2765 πόθῳ.

430 2787 517 2866 Quos
538 2786 660 2853 Helena
681 2785 820 2852 suadet?
838 2785 947 2867 pestis,
972 2784 1114 2865 exitium,
1137 2783 1206 2850 lues
1330 2781 1409 2866 αἱρεῖ
1425 2785 1480 2866 γὰρ
1501 2785 1614 2867 ἀνδρῶν
1634 2783 1750 2866 ὄμματ’,
1773 2787 1883 2870 ἐξαιρεῖ
1901 2787 2002 2866 πόλεις,

430 2896 605 2978 Utriusque
618 2895 741 2977 populi!
757 2894 857 2960 carnis
870 2896 928 2962 hos
941 2893 1079 2960 tumulos
1089 2893 1224 2972 ducum?
1330 2891 1471 2972 πέμπρηον
1491 2892 1518 2954 δ’
1538 2889 1649 2969 οἴκους·
1692 2879 1743 2956 οἷδ’
1764 2891 1819 2975 ἔχει
1842 2895 2011 2979 κηλήματα·

428 3003 472 3071 m
491 3006 576 3072 nuda
597 3005 674 3070 totis
694 3020 768 3071 osso
789 3020 871 3084 quae
891 3003 1010 3086 passim
1033 3004 1138 3070 iacent

429 3114 602 3181 Inhumata
616 3113 757 3195 campis?
767 3114 847 3180 haec
858 3112 972 3196 hymen
985 3112 1103 3196 sparsit
1112 3117 1197 3179 tuus.

455 3305 463 3326 ι
486 3221 559 3291 800.
583 3227 645 3288 920
658 3241 699 3290 ss.
721 3221 819 3305 (Hel.)
1385 3224 1461 3290 Eur.
1482 3224 1535 3292 Tr.
1559 3229 1628 3292 924.
1651 3230 1711 3292 929
1726 3245 1752 3294 0.
1773 3229 1834 3293 948
1844 3247 1886 3296 00.
1911 3227 2010 3312 (Ηο1.)

429 3331 484 3400 810
504 3340 599 3414 rapta
620 3331 764 3413 Phrygiis
784 3330 904 3412 praeda
930 3329 1101 3414 remigibus
1121 3327 1176 3410 liri,
1323 3329 1415 3415 ἔκρινε
1436 3334 1548 3416 τρισσὸν
1567 3333 1663 3418 ζεῦγος
1681 3332 1729 3398 300
1748 3343 1867 3420 τρισσῶν
1887 3342 1976 3403 θεῶν,

427 3442 586 3524 Deditque
605 3442 734 3508 domum
756 3439 848 3506 iudici
868 3440 980 3507 uictrix
1001 3439 1080 3508 dea:
1324 3439 1441 3518 Κύπρις
1461 3439 1493 3503 δὲ
1514 3439 1624 3520 τούμὸν
1639 3435 1715 3518 εἶδος
1732 3441 1950 3526 ἐκπαγλουμένη

427 3553 560 3636 Ignosce
579 3548 697 3617 Paridi.
1328 3546 1430 3612 δώσειν
1450 3543 1588 3632 ὑπέσχετ’,
1608 3551 1635 3612 εἰ
1677 3600 1684 3616 .
1729 3599 1737 3614 .
1780 3599 1788 3616 .

1325 3663 1390 3743 00001
1412 3655 1530 3738 Κύπρος
1550 3657 1608 3721 θεά
1610 3707 1824 3735 .....

1320 3764 1371 3848 τὴν
1392 3764 1464 3828 θεὸν
1482 3765 1585 3842 κόλαζε
1604 3770 1655 3830 ani
1672 3767 1742 3844 Διὸς
1759 3767 1899 3852 κρεῶσων
1913 3777 1999 3852 γενοῦ
2095 3775 2099 3782 ’

1320 3873 1350 3950 ὃς
1367 3880 1423 3938 τῶν
1441 3875 1499 3955 μὲν
1515 3875 1610 3940 ἄλλων
1628 3877 1774 3959 δαιμόνων
1793 3876 1849 3962 ἔχει
1867 3880 1968 3961 κράτος

1319 3981 1412 4064 κείνης
1431 3981 1462 4044 δὲ
1481 3983 1582 4060 δοῦλός
1597 3983 1672 4048 ἐστι·

485 4079 557 4144 Sen-
579 4080 641 4142 942
654 4095 697 4144 ss.
720 4075 818 4156 (uer.)
1382 4089 1458 4154 mur.
1480 4089 1556 4158 Ηοο.
1578 4095 1639 4158 mo
1654 4111 1679 4160 ο.
1700 4091 1815 4177 (brix.)

428 4187 601 4272 (Polyxene
621 4187 828 4270 miseranda);
850 4203 947 4270 quam
968 4186 1052 4252 tradi
1071 4185 1131 4254 sibi
1322 4194 1397 4275 ἔδοξ’
1411 4199 1542 4282 Ἀχααῑς
1560 4203 1651 4265 παῖδα
1672 4203 1723 4286 σὴν
1744 4201 1910 4286 Πολυξέιην

427 4297 635 4380 cineremque
655 4296 793 4362 Achilles
815 4301 890 4363 ante
913 4297 1047 4362 mactari
1067 4313 1160 4362 suum
1326 4306 1434 4390 σφάξαι
1453 4309 1525 4390 πρὸς
1543 4310 1634 4392 ὀρθὸν
1648 4317 1726 4395 κῶμ’
1741 4311 1902 4395 Lapithaion
1924 4311 2027 4396 wrm,

427 4407 545 4493 compo
564 4407 700 4473 maritus
721 4412 758 4472 ut
780 4407 822 4473 sit
841 4405 959 4487 Elysio,
982 4404 1079 4472 iubet.

483 4517 555 4583 800.
576 4519 637 4581 045
659 4514 786 4600 (Andr.)
1382 4515 1459 4584 Eur.
1480 4515 1556 4583 Her.
1579 4521 1640 4583 213
1654 4535 1695 4584 ss.
1717 4515 1812 4600 (Pol.)

426 4626 515 4706 Vide,
526 4631 563 4690 ut
572 4625 698 4691 animus
710 4625 821 4707 ingens
830 4623 935 4691 laetus
946 4621 1085 4690 audierit
1092 4637 1210 4687 uocem.
1321 4625 1370 4692 τὸν
1387 4624 1460 4706 ἐμὸν
1476 4626 1507 4690 δὲ
1529 4624 1604 4709 βίον,
1624 4625 1723 4708 λώβαν
1738 4625 1836 4708 λύμαν
1855 4631 1890 4705 ι’,

626 4741 636 4758 ’
1316 4733 1351 4800 οὗ
1373 4733 1593 4816 maiolum
1612 4732 1687 4798 ἀλλὰ
1705 4737 1810 4798 θανεῖν
1831 4757 1884 4815 μοι

1317 4842 1451 4926 §nmio
1471 4842 1609 4924 κρείσσων
1628 4841 1772 4924 ἕκὺρησεν.

484 4958 555 5026 800.
578 4960 641 5024 960
655 4975 680 5024 0.
700 4956 804 5040 (Ηο0.)
1378 4949 1456 5018 Eur.
1474 4950 1550 5018 Hac.
1575 4953 1636 5016 280
1649 4969 1674 5016 0.
1696 4951 1800 5034 (Hoc.)

534 5117 543 5134 .
641 5067 709 5134 sola
725 5082 808 5130 0000
828 5063 907 5132 haec
927 5069 977 5130 est
997 5081 1093 5148 super
1318 5061 1362 5146 ἥδ’
1384 5063 1446 5126 ἀντὶ
1467 5066 1581 5126 πολλῶν
1600 5061 1660 5126 ἔσοι’
1679 5085 1731 5143 μοι
1748 5059 1919 5146 πορσψυχὴ,

424 5177 551 5255 Votum,
572 5174 861 5256 00000010000000,
881 5171 1025 5240 adflictae
1045 5172 1145 5257 quies.
1322 5171 1402 5247 πόλις
1421 5171 1523 5254 atim
1542 5171 1666 5255 βώοιρον
1681 5171 1796 5256 ἡγεμὼν
1813 5170 1890 5237 ὁδοῦ.

482 5285 553 5352 800.
579 5285 639 5352 067
653 5304 678 5352 0.
699 5283 801 5368 (Ηο0)
1380 5279 1457 5345 Eur.
1478 5279 1553 5346 Hec.
1576 5283 1669 5346 3720.
1692 5279 1787 5362 (Pol.)

421 5393 564 5474 Laetare,
586 5393 698 5478 gaude,
723 5399 831 5478 gnata.
855 5391 1059 5474 quamvellet
1079 5395 1151 5457 tuos
1194 5461 1198 5470 ,
1314 5396 1403 5471 μῆιερ
1422 5389 1458 5452 ob
1480 5387 1595 5472 δ’ἡμῖν
1615 5391 1708 5474 μηδὲν
1724 5389 1861 5472 ἐμποδὼν
1876 5387 1953 5478 paq,

1692 5510 1710 5570 2
