4936 6000
1130 386 1149 446 8

459 572 530 640 Sen.
551 575 611 634 775
623 589 662 634 ss.
685 567 807 651 (Andr.)
1356 563 1431 631 Eur.
1456 563 1569 631 Troad.
1584 567 1663 629 1209
1678 583 1719 632 ss.
1742 563 1844 648 (1111.)

402 683 472 749 Nun
494 699 584 748 arma
603 685 715 747 tenera
733 694 833 761 parva
850 675 873 760 ¹)
894 675 1046 743 tractabis
1067 694 1172 754 manu,
1300 664 1449 750 οἶιέκνον,
1470 673 1522 756 οὐχ
1543 675 1654 738 innam
1672 667 1821 756 νικήσαντά
1843 695 1875 738 σε

385 773 597 874 ¹Sparsasque
618 788 736 870 passim
756 785 891 852 saltibus
914 785 987 850 latis
1008 783 1092 850 ieras
1296 784 1358 847 οὐδ’
1377 781 1474 866 ἥλικας
1491 783 1620 859 τόξοισιν,
1642 783 1691 858 οὓς
1712 782 1826 866 Φρύγες
1841 781 1946 858 νόοοος

403 898 517 965 Audax
535 897 695 980 sequeris:
718 911 774 960 uec
797 897 882 959 stato
906 892 1000 958 lustri
1021 891 1071 958 die
1295 899 1424 972 ιτμῶστν,
1446 891 1498 954 οὐκ
1517 893 1558 966 εἰς
1579 891 1743 972 πλησμονὰς
1761 889 1928 972 θηρώμενοι

401 1007 547 1074 Solemnc
567 1004 706 1071 referens
725 1002 826 1069 Troici
845 1001 933 1066 lusus
953 1017 1079 1067 sacrum
1295 1001 1387 1083 μητὴρ
1408 1000 1514 1084 πατρός
1534 1023 1577 1062 σοι
1600 999 1765 1083 οροςι11ηο’
1785 999 1940 1082 ἀγάλματα

400 1117 484 1184 Puer
504 1115 620 1181 citatas
639 1112 762 1178 nobilis'
774 1116 896 1176 turmas
919 1128 1013 1192 ages:

460 1223 531 1290 Seu.
553 1225 614 1287 792
630 1241 672 1288 ss.
694 1219 818 1302 (Andr.)
1355 1217 1432 1284 Eur.
1453 1217 1678 1283 1111117501.
1701 1215 1827 1298 (Andr.)

401 1386 408 1400 .
454 1385 462 1400 .
505 1331 587 1411 Quid
606 1348 692 1398 meos
711 1330 827 1396 retines
848 1329 943 1407 sinus,
1295 1327 1398 1408 τίμοο
1422 1325 1555 1410 δέδραξαι
1576 1330 1660 1409 χερσὶ
1680 1325 1804 1408 κάντέχει
1834 1323 1950 1390 πέπλων

401 1443 578 1524 Mariusque
600 1440 732 1506 matris?
752 1457 843 1504 cassa
861 1437 1020 1520 praesidia
1040 1453 1173 1519 occupas
1298 1436 1411 1512 νεοσσὸς
1432 1433 1498 1499 ticet
1517 1434 1658 1519 πτέρυγας
1676 1435 1827 1498 εἰοηίτνων
1846 1433 1937 1514 tunic,-

401 1551 544 1618 Tremitu
562 1549 662 1616 leonis
685 1547 786 1630 qualis
808 1547 918 1613 audito
939 1552 1027 1613 tener

402 1661 560 1728 Timidum
580 1661 732 1725 iuvencos
753 1657 892 1740 applicat
914 1657 1011 1722 latus:
1035 1705 1042 1722 .
1066 1705 1074 1720 .
1097 1705 1104 1720 .

460 1771 531 1837 Sen.
547 1773 606 1833 812
622 1787 646 1835 s.
671 1767 784 1852 (Ulix.)
1354 1767 1431 1833 Eur.
1451 1767 1565 1834 Troad.
1588 1771 1683 1834 7821.
1705 1770 1765 1831 786
1785 1767 1897 1852 (Ulia.)

404 1930 412 1947 .
456 1929 464 1946 .
505 1879 621 1944 Nullus
642 1882 691 1943 est
711 1875 806 1942 flendi
828 1875 939 1942 modus
1295 1877 1347 1960 ἄγε
1368 1884 1430 1956 παῖ,
1453 1877 1548 1960 φίλιον
1568 1877 1754 1960 πρόςπιιψμα
1778 1882 1881 1958 μεθεὶς

400 1988 545 2072 Abripite
563 2005 696 2069 propere
718 1986 826 2052 classis
847 1985 1015 2068 Argolicae
1037 2001 1167 2050 moram.
1293 1983 1398 2066 μητρὸς
1416 1989 1549 2066 μογερᾶς,
1570 1987 1676 2064 βαῖνε.
1700 2032 1708 2047 .

1265 2115 1269 2124 ’
1297 2092 1451 2173 λαμβάνετ’
1475 2093 1569 2156 αὐτόν.

420 2232 543 2300 0111111
561 2231 645 2312 quod
668 2229 740 2296 indo
770 2230 913 2310 sequitur
941 2232 1163 2312 argumentum
1189 2226 1383 2310 (814-860)
1404 2227 1488 2309 apud
1509 2225 1691 2308 Euripidem
1713 2227 1744 2290 in
1766 2228 1862 2310 priori
1882 2228 2040 2294 Troadum
2063 2229 2112 2296 ia-

321 2343 415 2410 bulae
434 2346 527 2423 parte
550 2339 748 2422 agnoscimus
781 2337 844 2420 (Tr.
861 2340 919 2402 197
935 2336 999 2421 ss).
1049 2335 1207 2402 Sollicitas
1227 2336 1308 2400 enim
1331 2333 1421 2417 fingit
1443 2334 1582 2401 Troados
1610 2336 1758 2416 captivas,
1782 2356 1853 2403 cum
1873 2356 2029 2419 quaenam
2045 2340 2108 2404 cui-

319 2468 381 2534 que
405 2455 493 2515 terra
526 2455 559 2513 11
582 2446 772 2513 domicilium
804 2449 888 2512 sorte
911 2445 1050 2512 evenerit
1084 2443 1235 2510 nesciant.
1289 2444 1336 2509 Ac
1365 2443 1491 2524 quidem
1524 2461 1647 2509 summa
1678 2463 1750 2510 cum
1772 2445 1855 2511 inter
1876 2463 1911 2512 se
1932 2447 2105 2526 concinant,

319 2559 424 2626 verbis
445 2556 648 2624 vehementer
668 2555 856 2636 discrepent,
879 2552 958 2620 haec
980 2552 1047 2619 lere
1068 2570 1254 2634 componere
1275 2552 1387 2620 liceat:

461 2689 532 2756 Seu.
553 2694 611 2754 851
626 2708 669 2755 11.
692 2689 803 2765 (1111.)
1343 2686 1420 2752 Eur.
1442 2686 1556 2752 Troad.
1578 2689 1639 2751 210
1654 2705 1695 2752 11.
1718 2686 1831 2768 (chor.)

403 2795 550 2874 Quolibet
572 2795 675 2862 tristis
697 2794 827 2860 miseras
847 2795 985 2877 procella
1294 2794 1337 2876 μὴ
1357 2795 1412 2876 γὰρ
1434 2795 1469 2876 δὴ
1489 2794 1571 2857 δίναν
1592 2801 1619 2877 γ’
1639 2795 1761 2878 Εὐρώτα

401 2904 512 2971 Mittat
532 2909 564 2970 et
586 2904 681 2970 donet
699 2903 885 2984 cuicumque
905 2907 1025 2968 terrae:
1298 2902 1348 2964 τὰν
1370 2902 1508 2984 ἐχθίσταν
1530 2904 1683 2984 θεράπναν
1702 2902 1817 2979 Ἑλένας

402 3015 485 3080 Dum
509 3013 593 3080 luem
616 3018 740 3079 tantam
761 3013 873 3078 Troiae
896 3018 994 3095 atque
1007 3011 1133 3077 Achivis
1297 3005 1362 3072 ἔνθ’
1383 3009 1495 3073 ἀντάσω
1516 3009 1639 3096 Μενέλᾳ
1657 3011 1747 3074 dudio

405 3124 494 3203 Quae
513 3124 597 3204 tulit,
613 3122 727 3206 Sparte
747 3121 857 3203 procul
877 3121 975 3188 absit:
998 3120 1081 3187 absit
1300 3124 1339 3207 τῷ
1361 3125 1408 3192 τᾶς
1426 3118 1536 3200 Τροίας
1557 3123 1699 3208 πορθητᾷ.

402 3235 505 3318 Argos
526 3233 666 3298 1111111
689 3231 816 3313 Pelopis
838 3230 998 3313 Mycenae.
1344 3223 1431 3289 -Eun
1452 3223 1566 3289 Troad.
1590 3227 1703 3292 28211.
1726 3224 1828 3308 (Hoc.)
1849 3223 1887 3292 cf.
1907 3227 1977 3292 275.

1297 3342 1421 3423 μυσαρῷ
1442 3334 1528 3422 δολίῳ
1548 3333 1668 3418 λέλογχα
1689 3339 1763 3419 φωτὶ
1785 3337 1944 3414 doederlein

401 3451 445 3518 Et
466 3469 580 3517 nocens
600 3450 685 3516 111111
704 3449 814 3516 Ithace
834 3449 959 3514 dolosis.
1002 3508 1008 3517 .
1355 3441 1431 3506 Eur.
1455 3440 1506 3507 Tr.
1532 3445 1592 3504 275
1605 3459 1645 3506 ss.
1670 3441 1773 3526 (Heu.)

403 3559 492 3638 Quod
512 3564 620 3624 manet
637 3555 747 3636 iatum,
771 3555 977 3638 dominusque
991 3556 1060 3638 quis
1082 3561 1129 3635 te,
1297 3551 1354 3633 ἐγὼ
1376 3551 1407 3614 δὲ
1431 3558 1471 3639 τῷ
1492 3549 1646 3634 ντρόςττολος
1666 3549 1686 3614 ci
1706 3551 1907 3636 τριτοβάμονος
1917 3555 1984 3636 χερὶ

403 3669 469 3736 Aut
491 3669 605 3749 ortibus
626 3667 720 3733 terris
741 3665 869 3732 Hecuba
892 3666 1068 3733 videndam·
1295 3657 1436 3740 δευομένα
1457 3658 1582 3740 βάκτρου
1603 3667 1710 3748 γεραιῷ
1731 3661 1823 3747 κάρῳ

403 3777 529 3843 Ducat?

420 3884 508 3962 Quae
530 3885 562 3949 in
581 3889 718 3965 utraque
747 3882 820 3948 inde
845 3881 954 3950 fabula
985 3883 1145 3966 leguntur,
1176 3901 1216 3949 ea
1239 3901 1362 3965 quoque
1393 3883 1531 3950 interae
1559 3882 1719 3950 differunt
1763 3884 1845 3950 Nam
1865 3887 1896 3951 in
1919 3885 2110 3971 Euripideae

319 3994 379 4060 hac
401 3993 586 4078 tragoediae
603 3999 695 4075 parte
724 3992 888 4059 Menelaus
925 3993 1029 4072 adest,
1062 3997 1100 4057 ut
1129 3991 1168 4057 de
1193 3991 1313 4058 Helena
1334 3991 1523 4073 supplicium
1552 3996 1663 4057 sumat
1684 3989 1884 4074 flagitiomm.
1929 3994 2016 4072 Quae
2039 4013 2111 4062 cum

320 4101 380 4169 sibi
399 4105 495 4184 negat
517 4102 627 4167 merito
645 4102 727 4166 verti
750 4101 880 4180 crimini,
902 4101 986 4181 quod
1007 4100 1241 4166 Lacedaemone
1262 4098 1413 4166 derelicta
1424 4101 1571 4167 Paridem
1595 4102 1754 4182 quondam
1776 4104 1905 4170 Troiam
1927 4111 2034 4172 secuta
2056 4105 2109 4185 111,

319 4209 468 4276 Hecubae
495 4215 605 4291 partes
635 4213 726 4287 sunt,
760 4213 796 4274 ut
824 4208 969 4275 Menelao
1000 4226 1207 4290 quaecunque
1239 4209 1280 4274 ad
1313 4207 1540 4278 defendendam
1571 4223 1640 4276 sese
1672 4211 1728 4276 illa
1767 4213 1984 4293 enarraverit,
2026 4232 2113 4280 mere

320 4317 538 4386 commenticia
567 4317 759 4400 comprobet.
812 4315 930 4384 Seneca
964 4321 1093 4398 autem,
1126 4319 1274 4399 neglecta
1296 4317 1432 4385 Menelai
1463 4336 1599 4399 persona
1618 4320 1876 4386 Andromacham
1910 4322 2115 4388 altercantem

319 4429 397 4496 iacit
418 4445 488 4492 cum
509 4425 642 4492 Helena.
691 4424 780 4490 llaec
802 4425 883 4490 enim
906 4427 1003 4492 missa
1024 4444 1094 4492 cum
1115 4426 1250 4506 adesset,
1276 4433 1312 4491 ut
1334 4426 1526 4508 Polyxenam
1557 4447 1613 4510 spe
1631 4429 1794 4511 deceptam
1816 4432 1901 4496 inanl
1920 4429 2112 4497 matrimonii

321 4555 392 4604 cum
416 4535 539 4617 Pyrrho
562 4535 709 4619 iungendi
733 4535 775 4600 ad
795 4539 928 4600 mortem
951 4534 1089 4614 duceret,
1111 4533 1194 4600 illius
1214 4534 1296 4600 iram
1321 4547 1465 4603 moverat
1484 4539 1643 4619 ingentem
1664 4541 1761 4620 atque
1782 4539 1896 4605 odium.
1923 4539 2011 4606 Nihil
2030 4542 2110 4606 enim

319 4645 471 4728 quidquid
493 4643 616 4709 Helena
637 4645 787 4711 moliatur
810 4645 1017 4725 suspicionem
1040 4663 1102 4709 non
1123 4643 1257 4710 adferre.
1300 4643 1369 4710 lam
1390 4643 1470 4712 haec
1492 4645 1531 4710 ab
1550 4645 1607 4711 illa
1622 4647 1787 4730 compulsa
1801 4625 1992 4732 Polyxenam
2015 4645 2110 4714 adfir-

320 4758 389 4820 mat
410 4754 443 4818 in
455 4751 586 4818 Achillis
606 4753 729 4818 tumulo
753 4769 824 4818 esse
840 4752 1040 4818 mactandam
1056 4752 1152 4835 (944).
1196 4753 1278 4818 Tum
1295 4769 1369 4818 uero
1392 4753 1522 4820 Hecuba
1543 4749 1687 4835 quamvis
1713 4773 1842 4822 summo
1855 4758 1925 4840 ipsa
1946 4756 2113 4823 adficiatur

320 4881 472 4943 maerore,
497 4861 581 4946 ‘luod
602 4861 759 4943 eripiatur
784 4861 842 4928 sibi
864 4880 946 4943 quac
978 4881 1016 4928 ex
1039 4865 1131 4927 tanta
1162 4860 1336 4928 liberorum
1356 4867 1484 4928 caterva
1518 4881 1583 4928 una
1603 4864 1726 4946 reliqua
1747 4867 1788 4932 111
1807 4867 1980 4950 progenies,
2002 4871 2111 4931 tamen

321 4979 353 5040 et
375 4971 616 5039 Andromachae
640 4978 673 5037 et
692 4971 889 5038 Cassandrae
910 4972 1084 5040 acerbitate
1104 4971 1251 5038 fortunae
1274 4973 1306 5036 in
1326 4973 1592 5053 comparationem
1621 4977 1742 5054 vocata,
1774 4973 1864 5054 filiae,
1891 4976 2030 5039 animum
2053 4975 2115 5042 eri·

423 5227 448 5290 1)
466 5223 530 5278 Non
561 5220 740 5277 mediocriter
757 5221 850 5292 placat
879 5223 1001 5292 ›patria‹
1032 5241 1084 5294 pro
1117 5241 1244 5296 aparte«,
1272 5241 1354 5294 quam
1384 5223 1535 5280 Swobodaa
1558 5223 1780 5279 emendationem
1809 5223 1979 5280 lenissimam
2005 5225 2112 5295 recapit

321 5322 428 5393 Paipar.
