4936 6000
1201 463 1219 524 2

322 645 390 712 eius
416 661 548 729 graecae
568 641 697 709 fabulae
717 644 843 710 nomine
860 644 891 727 ¹),
921 662 1018 725 quam
1038 645 1141 727 ipsam
1161 643 1218 709 sibi
1250 643 1291 709 ad
1311 641 1501 710 imitandum
1528 644 1625 722 poeta
1643 639 1853 722 proposuerit,
1873 639 1933 706 hac
1951 637 1983 703 in
2005 637 2111 704 fabula

322 771 387 820 non
411 753 478 820 sine
499 769 614 818 caussa
634 751 787 818 dubitatio
811 758 971 834 movetur,
1005 769 1161 833 quaenam
1183 753 1322 836 gemuina
1342 753 1385 819 sit
1406 749 1577 832 inscriptio.
1620 747 1703 814 Nam
1722 747 1905 816 adcuratius
1929 747 2062 814 latinam
2084 747 2110 812 si

327 863 558 946 comparaveris
577 880 650 927 cum
670 861 843 944 Euripidae
863 863 928 943 illa,
951 880 1033 943 quae
1054 862 1194 929 Troades
1215 863 1406 940 nominatur,
1428 857 1521 940 plura
1542 857 1581 924 de
1604 857 1650 924 eis
1671 874 1824 939 expressa
1854 856 2004 934 invenies,
2028 871 2110 935 quae

323 970 511 1038 dissentiant
530 971 602 1036 alia.
624 971 729 1052 Atque
744 971 800 1050 ,ita
823 971 950 1053 quidem
972 974 1195 1054 argumentum
1219 968 1365 1048 mutavit,
1397 971 1434 1032 ut
1454 963 1613 1031 Troadum
1635 963 1763 1030 fabulae
1785 965 1901 1045 spretis
1924 960 2110 1045 quibusdam

322 1079 363 1144 ad
386 1077 636 1162 amplificandam
674 1098 764 1145 suam
795 1097 868 1146 cum
889 1078 1142 1145 Andromacham
1174 1083 1244 1143 tum
1273 1076 1434 1142 Hecubam
1467 1073 1658 1156 Euripideas
1691 1069 1925 1153 adbibuerit·²).
1980 1067 2109 1137 Summa

319 1191 428 1254 autem
455 1186 644 1267 oeconomia,
660 1182 753 1268 'quae
774 1192 913 1266 vocatur,
937 1205 1008 1252 curn
1031 1188 1074 1253 sit
1095 1186 1136 1253 ad
1151 1186 1311 1252 Tmadum
1335 1183 1552 1264 accomodata,
1576 1182 1648 1249 huic
1670 1182 1716 1248 rei
1737 1181 1815 1247 satis
1838 1179 1975 1246 validum
2007 1179 2111 1246 inesse

321 1295 447 1363 videtur
479 1299 702 1378 argumentum
733 1313 795 1376 quo
817 1293 1084 1372 Florentinilibri
1116 1292 1194 1362 fides
1226 1293 1470 1378 comprobetur,
1499 1293 1559 1358 nisi
1593 1296 1736 1374 apoeta
1756 1289 1897 1357 Troades
1925 1289 2110 1372 inscriptam

323 1422 392 1471 esse
412 1401 554 1468 fabulam
578 1403 663 1468 »vel«
685 1401 847 1468 Hecubam
868 1403 1007 1468 conicere
1030 1401 1189 1468 malueris.

419 1513 489 1578 Iam
510 1528 585 1576 vero
608 1509 780 1588 videamus,
803 1528 897 1591 quem
918 1511 952 1576 in
973 1511 1102 1576 modum
1116 1510 1278 1592 Euripidis
1299 1510 1422 1591 fabulis,
1452 1528 1532 1594 quas
1553 1510 1744 1594 supradixi,
1765 1511 1798 1576 in
1817 1527 1876 1577 sua
1899 1507 2111 1590 componenda

319 1638 397 1686 usus
418 1620 460 1687 sit
481 1617 598 1686 Seneca
613 1618 649 1702 ³).

420 1727 527 1808 Atque
546 1725 715 1808 Euripides
733 1725 870 1808 primurn
902 1725 935 1789 in
969 1743 1094 1793 scenam
1118 1727 1240 1796 inducit
1271 1729 1466 1812 Neptunum.
1521 1727 1644 1810 Aqua,
1671 1728 1726 1794 ubi
1747 1744 1889 1794 eversam
1910 1730 2042 1808 questus
2061 1729 2111 1792 est

322 1835 443 1917 urbam,
463 1853 560 1919 quam
579 1835 620 1901 ab
641 1834 784 1916 Apolline
814 1835 944 1917 ipsoque
965 1841 1160 1906 emunctam
1188 1838 1292 1906 studio
1322 1845 1354 1906 et
1383 1856 1490 1907 amore
1511 1855 1612 1920 nsque
1644 1839 1808 1921 amplexus
1841 1839 1934 1914 esset,
1967 1835 2111 1902 Minerva

322 1944 482 2026 impetrat
505 1950 542 2010 ut
562 1942 866 2010 fluctibusexcitatis
878 1945 1046 2010 redeuntes
1060 1962 1095 2012 se
1119 1947 1305 2029 polliceatur
1324 1948 1589 2030 interempturum
1614 1966 1684 2015 asae
1698 1947 1845 2026 Graecos,
1868 1945 1923 2028 qui
1941 1944 2111 2012 sceleribus

324 2053 511 2136 quibusdam
534 2051 679 2120 admissis
705 2071 861 2120 summam
893 2052 972 2120 deae
1005 2053 1155 2120 invidiam
1185 2059 1283 2136 atque
1317 2054 1397 2120 iram
1434 2054 1491 2121 sibi
1516 2054 1732 2121 conflaverant
1752 2054 1893 2138 (1-97).
1947 2053 2016 2119 Iam
2035 2071 2109 2120 uero

320 2160 460 2242 Hecuba,
491 2178 587 2244 quam
620 2162 837 2229 lacrimantem
873 2166 949 2230 ante
976 2163 1217 2230 tabernaculum
1240 2162 1350 2230 sedere
1382 2163 1549 2246 Neptunus
1583 2166 1786 2230 nuntiauerat
1818 2164 1861 2248 (r.
1877 2166 1917 2228 36
1931 2161 1982 2244 sl,
2019 2179 2113 2230 suam

321 2288 513 2352 suorumque
547 2267 708 2336 iomanem
752 2270 984 2336 acerbissimam
1016 2271 1187 2339 lamentari
1217 2274 1331 2354 coepit.
1382 2273 1452 2351 Qua
1491 2273 1716 2340 lamentatione
1749 2273 1873 2339 excitae
1907 2291 1978 2338 curn
2008 2271 2113 2338 adsint

321 2379 460 2446 Tmades
480 2378 635 2459 captivae,
658 2395 791 2460 quarum
814 2381 864 2444 est
886 2377 1008 2458 cborus,
1033 2380 1174 2445 alternos
1195 2398 1266 2448 cum
1290 2382 1346 2448 illa
1374 2377 1487 2450 cantus
1510 2381 1647 2448 fundunt
1668 2387 1701 2447 et
1723 2381 1877 2463 querelas,
1899 2385 2010 2464 utpote
2031 2397 2113 2463 quae

322 2486 570 2571 expatricium
591 2485 791 2552 deducendae
812 2487 944 2567 quinam
967 2486 1025 2554 sibi
1040 2487 1167 2554 illorum
1182 2507 1293 2572 regum
1316 2492 1357 2556 sit
1381 2493 1560 2572 sequendus
1575 2492 1747 2557 invisomm
1769 2467 1911 2556 nesciant
1930 2487 2110 2572 (sa-234).

323 2591 437 2658 Adhuc
458 2591 498 2658 de
519 2590 634 2671 quibus
656 2589 892 2672 disputavimus,
915 2593 960 2658 eis
982 2593 1027 2659 ita
1049 2612 1126 2662 usus
1154 2600 1205 2664 est
1220 2595 1347 2678 Seneca,
1371 2605 1407 2667 ut
1421 2601 1561 2683 Neptuni
1581 2607 1614 2668 et
1635 2601 1797 2667 Minervm
1818 2599 1961 2681 personia
1981 2614 2110 2682 prorsus

324 2701 446 2768 omissis
466 2699 630 2766 Hecubam
652 2697 815 2766 confestim
841 2700 1063 2770 introduxerit.
1128 2703 1231 2784 Quam
1253 2725 1323 2774 curn
1345 2707 1483 2790 primum
1510 2707 1611 2773 solam
1633 2705 1744 2772 deinde
1766 2723 1839 2772 cum
1861 2704 2013 2771 matribus
2033 2701 2111 2768 Tro·

322 2811 405 2878 ianis
426 2847 467 2857 —
488 2828 563 2876 nam
585 2810 619 2874 in
642 2808 778 2877 Senecae
799 2828 924 2891 quoqne
943 2809 1053 2878 labala
1073 2813 1189 2880 harum
1209 2818 1257 2881 est
1277 2813 1390 2882 oboram
1417 2849 1455 2860 —
1481 2819 1515 2881 et
1536 2815 1673 2880 excisam
1695 2813 1823 2896 Trojam
1845 2817 1878 2879 et
1899 2827 2029 2878 snorum
2050 2809 2111 2877 cla·

322 2921 395 2988 dem
417 2919 543 2987 finxerit
566 2921 736 3004 plorantes,
758 2926 884 2988 tantum
906 2921 996 2988 abest
1017 2927 1054 2990 ut
1075 2924 1180 2990 omnia
1202 2923 1288 2990 illius
1320 2940 1415 3006 quem
1447 2923 1513 2990 dixi
1533 2924 1664 2990 deorum
1697 2921 1849 2990 sermonis
1869 2919 2053 3002 neglexerit,
2075 2924 2113 2984 ut

323 3029 473 3097 Hecubae
494 3028 637 3113 partibus
660 3030 816 3111 quaedam
838 3030 994 3098 tribuerit.
1037 3031 1106 3099 Hoc
1128 3049 1254 3116 qaoque
1274 3035 1409 3103 amavit
1428 3039 1522 3118 poeta
1542 3034 1684 3114 Latinus,
1705 3033 1789 3116 qnod
1810 3031 1973 3098 Hecubam
1994 3028 2113 3096 Priami

323 3135 406 3205 filias
427 3155 588 3220 nurusque
609 3143 695 3206 sorte
716 3137 858 3205 adhibita
880 3138 1023 3206 distribui
1044 3143 1077 3207 in
1103 3141 1241 3210 uictores
1263 3145 1373 3227 procul
1394 3143 1636 3226 conspicientem
1657 3141 1732 3208 lecit
1751 3145 1792 3222 (v.
1807 3142 1872 3222 57).

427 3247 499 3314 lam
519 3264 593 3312 vero
614 3247 646 3312 iu
667 3247 808 3330 singulis,
833 3263 925 3328 quem
949 3249 980 3314 in
1001 3249 1128 3316 modum
1151 3249 1311 3335 Euripidis
1333 3253 1475 3336 vestigiis
1496 3254 1657 3335 ingressus
1677 3252 1718 3317 sit
1739 3250 1867 3329 Seneca,
1890 3267 1927 3315 ex
1949 3247 2115 3330 utriusque

325 3355 453 3424 tabulae
471 3357 556 3436 locis,
578 3373 660 3436 quae
681 3353 764 3423 intra
786 3357 913 3435 contuli,
935 3359 1055 3425 ridebis
1077 3359 1163 3443 (San.
1187 3365 1318 3444 1-163,
1340 3362 1417 3430 Eur.
1438 3363 1552 3429 moad.
1575 3361 1709 3445 1-235)

465 3464 535 3532 Seu.
560 3471 576 3530 1
593 3483 635 3534 sa.
656 3463 760 3548 (lieo.)
1358 3471 1435 3537 Eur.
1457 3471 1509 3537 Tr.
1530 3475 1570 3537 99
1585 3489 1626 3538 ss.
1647 3468 1751 3554 (Hac)

407 3573 603 3656 Quicumque
618 3593 715 3657 regno
736 3573 805 3642 fidit
824 3579 858 3641 et
874 3595 989 3659 magna
1005 3583 1117 3658 potens
1300 3630 1308 3645 .
1395 3629 1401 3645 .
1488 3599 1495 3614 ·
1538 3579 1629 3645 αιάἐα
1653 3579 1749 3662 Τραια

407 3684 599 3750 Dominatur
619 3683 701 3764 aula,
723 3703 781 3752 nec
798 3686 885 3753 leues
901 3686 1014 3754 metuit
1032 3685 1118 3768 deos,
1300 3689 1366 3754 αιῶε
1388 3691 1438 3752 καὶ
1458 3694 1584 3770 βασιλεῖς
1595 3689 1683 3768 ἐσμεν
1706 3687 1816 3770 Τροίας

407 3793 619 3874 Animumque
640 3792 734 3859 rebus
755 3793 919 3860 credulum
938 3795 1030 3862 laetis
1050 3795 1155 3878 dedit;
1299 3796 1555 3880 gaudemundus
1576 3796 1714 3878 δαίμονας
1734 3793 1846 3878 ἀνέχοι.

408 3901 461 3968 Me
481 3902 589 3970 videat
610 3907 643 3970 et
656 3908 699 3983 te,
717 3903 821 3970 Troia.

466 4009 536 4076 Sen.
553 4015 608 4076 6s.
633 4015 670 4075 15
685 4029 726 4078 sa.
747 4009 849 4095 (Hac.)
1361 4010 1437 4075 Eur.
1458 4011 1534 4076 Asa.
1557 4005 1677 4092 (Nept.)

409 4169 417 4186 .
503 4167 509 4179 .
594 4119 738 4186 columen
763 4137 909 4188 eversum
931 4117 1043 4188 occidit
1302 4107 1392 4195 aaut
1408 4119 1463 4202 γὰρ
1487 4117 1565 4201 ἀμφὶ
1587 4118 1670 4202 τήνδε
1694 4117 1828 4200 Τραικιν
1844 4113 1943 4200 χθόνα

407 4227 559 4296 Pollentia
585 4229 687 4307 Asiae,
708 4229 856 4296 caelitum
878 4229 1023 4312 egregius
1047 4228 1145 4310 labor.
1305 4226 1414 4304 Φοῖβός
1432 4251 1461 4291 αι
1482 4226 1562 4310 κάγὼ
1579 4226 1695 4302 λαΐνους
1715 4226 1841 4310 πύργους
1861 4221 1941 4304 πέριξ

409 4337 458 4403 En
480 4337 546 4402 alta
569 4337 651 4403 muri
673 4337 786 4404 decora
806 4338 961 4421 congestis
982 4339 1086 4403 iacent
1302 4337 1434 4418 ιρθαῑαιν
1454 4334 1563 4417 ἔθεμεν
1583 4335 1707 4412 κανόσιν,
1735 4333 1832 4398 οὔασι*
1851 4333 1884 4396 ἐκ
1905 4336 2018 4416 φρενῶν

409 4447 513 4514 Tectis
534 4448 638 4514 adusti
651 4447 688 4532 ι).
710 4448 832 4533 regiam
846 4448 994 4516 flammae
1015 4448 1174 4530 ambiunt3
1306 4445 1393 4512 εὔνοι’
1415 4444 1521 4531 onam
1542 4453 1598 4510 τῶν
1618 4445 1697 4522 ἐμῶν
1719 4445 1844 4527 Φρυγῶν
1867 4442 1956 4521 πόλει,

408 4553 580 4636 Omniaque
603 4557 669 4624 late
690 4555 792 4622 fumat
813 4557 961 4624 Assaraci
981 4556 1102 4638 domus,
1305 4556 1395 4639 ἣνῶν
1413 4563 1570 4620 καπνοῦται
1588 4558 1637 4618 και
1651 4555 1722 4636 πρὸς
1737 4551 1873 4636 Ἀργείαν
1895 4550 1977 4632 δαρὸς

326 4791 573 4805 ῃ

428 4941 455 5013 1)
475 4940 515 4997 cl.
536 4957 606 4996 nnus.
625 4940 702 4996 rhen.
721 4941 781 5006 XX,
798 4959 825 5012 p.
839 4943 902 4996 273.

427 5037 690 5108 2)1taqueevero
715 5039 857 5093 aberravit
875 5037 1018 5104 Heinsius,
1046 5053 1109 5092 cnm
1133 5040 1253 5108 putaret,
1283 5035 1425 5092 Hecubam
1444 5033 1588 5106 Euripidis
1614 5035 1661 5088 rix
1678 5047 1825 5090 commune
1843 5031 1991 5100 quicquam
2014 5027 2117 5082 habere

330 5153 393 5193 oum
411 5135 531 5192 Senecae
549 5134 706 5189 Troadibus
726 5135 792 5204 (vid.
807 5133 870 5189 Sem
888 5143 962 5205 trag.
983 5135 1051 5191 edit.
1069 5135 1191 5190 Gronov.
1210 5151 1239 5204 p.
1250 5133 1322 5200 365).
1714 5125 1717 5135 ’

429 5231 711 5303 stultisssimum
729 5233 851 5286 numeris
870 5231 1029 5287 adiermdis
1053 5235 1082 5286 et
1099 5231 1129 5285 in
1146 5230 1215 5300 ipsis
1232 5229 1358 5284 versibus
1383 5225 1574 5282 adscribendis
1595 5229 1706 5282 secutus
1735 5240 1795 5277 sum
1824 5222 1921 5293 Hurip.
1947 5225 2020 5292 trag.
2049 5219 2117 5276 edit.

330 5329 436 5387 Nauck.
456 5328 635 5398 (Liparum)
656 5328 775 5384 Senecae
793 5333 866 5398 trag.
885 5327 950 5382 edit
969 5326 1091 5382 Gronov.
1108 5326 1208 5399 (Lugd.
1227 5326 1289 5382 Bet.
1308 5325 1395 5394 1661).

427 5429 456 5496 4)
478 5425 636 5498 »congestis
651 5467 657 5480 .
675 5424 782 5480 adusti«
802 5440 855 5496 pro
877 5423 1021 5495 »congesti
1033 5465 1040 5478 .
1053 5423 1178 5480 adustis«
1199 5423 1276 5479 Flor.
1294 5425 1406 5478 secutus
1426 5419 1535 5490 scripsi.
