4936 6000
1252 446 1270 508 3

457 623 531 690 Non
549 623 817 706 probibetavidas
830 623 1098 694 flammavictoris
1118 645 1231 695 manus
1356 628 1444 692 δλωλε
1463 629 1650 711 πορδηδνῖδ.

457 734 616 816 Diripitur
635 731 749 800 ardens
769 732 872 798 Troia.

517 841 587 908 Seu.
610 845 659 906 26.
683 845 723 905 27
742 840 845 925 (Hoc.)
1412 843 1489 911 Eur.
1514 848 1563 911 16.
1587 849 1625 910 19
1648 845 1766 931 (Nept.)

551 1001 558 1016 .
641 950 743 1032 spolia
762 949 934 1032 populator
955 950 1040 1033 rapit
1353 956 1441 1032 πολὺς
1463 955 1495 1020 δὲ
1513 955 1619 1038 χρυσὸς
1641 956 1755 1040 Φρύγιά
1779 983 1808 1023 αι
1826 961 2009 1043 σκυλεύματα

460 1059 631 1126 Dardania.
646 1059 796 1142 praedam
813 1057 898 1124 mille
912 1077 974 1126 uon
990 1061 1119 1143 capiunt
1139 1067 1234 1128 rates.
1359 1063 1430 1146 πρὸς
1449 1071 1519 1139 να”ς
1534 1065 1664 1146 Ἀχαιῶν
1683 1065 1838 1148 πέμπεται·

515 1168 587 1236 Seu.
610 1173 705 1236 tiss.
727 1167 829 1252 (Hoc.)
1415 1172 1492 1238 Eur.
1518 1177 1565 1237 16.
1591 1177 1639 1240 17.
1662 1175 1784 1257 (Nept.)

459 1278 532 1344 Vidi
554 1277 782 1346 exsecrandum
805 1277 911 1358 regiae
939 1276 1043 1344 caedis
1064 1275 1153 1344 usiae
1263 1283 1266 1290 '
1359 1329 1366 1344 .
1454 1333 1461 1347 .
1505 1284 1574 1364 πρὸς
1593 1284 1625 1348 δὲ
1647 1285 1792 1368 κρηπίδων
1811 1287 1937 1370 βάθροις

456 1389 611 1471 Ipsosque
634 1388 675 1469 ad
696 1405 770 1452 oras
791 1387 893 1453 maius
913 1386 1085 1453 admissum
1106 1387 1208 1452 scelus
1355 1389 1482 1456 admone
1502 1392 1645 1474 Πρίαμος
1662 1395 1754 1474 Ζηνὸς
1769 1392 1896 1478 Ἑρκείου
1914 1397 2025 1462 θανών.

394 1487 397 1494 ’
457 1496 562 1564 Aiacis
584 1496 696 1562 armis:
715 1495 738 1577 ¹)
1411 1495 1488 1563 Eur.
1511 1500 1551 1563 69
1571 1498 1740 1584 (Minerva)
1763 1507 1802 1566 70
1826 1503 1945 1586 (Nept.)

625 1627 628 1634 ’
1355 1605 1406 1669 οὐκ
1426 1601 1505 1670 οἶσθ’
1527 1606 1717 1691 ὑβρισθεῖσάν
1734 1635 1773 1692 με
1793 1615 1843 1676 καὶ
1865 1616 1951 1692 ναοδς
1969 1615 2057 1698 ἐμούς
2062 1645 2074 1696 ;

1352 1709 1418 1792 οἶδ’,
1441 1713 1514 1798 ἡνίκ’
1536 1714 1620 1794 Αἴας
1637 1713 1714 1782 εἷλκε
1739 1723 1920 1805 Κασάνδραν
1941 1725 2003 1812 βίᾳ.

515 1821 585 1888 Sen.
611 1825 649 1886 57
665 1839 707 1888 ss.
731 1819 835 1904 (Hec.)
1412 1821 1489 1888 Eur.
1514 1827 1564 1890 28.
1588 1828 1638 1890 29.
1661 1831 1699 1890 41
1716 1845 1757 1894 ss.
1778 1828 1897 1913 (Nept.)

456 1932 643 2012 Dominum,
676 1949 757 2011 ecce,
776 1930 896 1999 Priami
915 1930 1046 1998 nuribus
1068 1936 1102 1998 et
1122 1932 1228 2014 gnatis
1355 1936 1469 2008 πολλοῖς
1487 1932 1519 1997 δὲ
1540 1941 1705 2000 κωκυτοῖσιν
1729 1938 1950 2020 αἰχμαλωάδων

993 2041 1102 2124 legens
1351 2045 1408 2129 βοᾷ
1431 2041 1624 2126 Σκάμανδρος
1642 2045 1779 2122 δεσπότας
1798 2048 2008 2131 κληρουμένων.
2091 2102 2098 2120 .

456 2148 593 2216 Sortitur
613 2167 703 2214 urna.
726 2148 844 2231 pracda
866 2166 960 2230 quem
982 2149 1054 2216 vilis
1077 2148 1217 2229 sequart
1351 2153 1401 2213 καὶ
1422 2151 1471 2226 τὰς
1485 2151 1544 2232 μὲν
1557 2153 1674 2236 Ἀρκάς,
1696 2155 1745 2230 τὰς
1761 2157 1793 2220 δὲ
1818 2157 1964 2236 Θεσσαλὸς
1983 2160 2053 2238 λιδις

456 2258 515 2324 Hic
537 2257 682 2325 Hectoris
702 2258 847 2340 coniugia
870 2257 1043 2340 despondet
1066 2257 1139 2340 sibi,
1354 2255 1441 2342 stirpe
1461 2258 1632 2344 Ἀθηναίων
1652 2283 1681 2324 ιιι
1704 2261 1841 2344 Θησεῖδαι
1862 2264 1977 2347 πρόμοι,

454 2365 516 2432 Ηίο
535 2371 625 2449 optat
644 2365 756 2431 Heleni
775 2366 951 2448 coniugem;
974 2363 1022 2432 his
1044 2365 1214 2432 Antenoris
1354 2413 1362 2430 .
1427 2413 1435 2429 .
1501 2416 1508 2430 .
1572 2415 1580 2432 .
1644 2369 1678 2452 ἣν
1697 2369 1728 2434 δὲ
1750 2370 1900 2454 παρθένον

454 2473 521 2538 Neo
533 2472 621 2538 deest
629 2471 896 2554 tuosGessandra,
908 2473 962 2554 qui
984 2472 1247 2557 thalamospetat.
1349 2479 1458 2558 μεθῆκ’
1477 2476 1628 2542 Ἀπόλλων
1651 2479 1784 2562 δρομάδα
1806 2481 1989 2566 Κασάνδραν
2010 2483 2083 2561 ἅναξ

457 2581 530 2647 Mea
543 2598 612 2648 sors
633 2580 774 2646 timetur.
1353 2583 1452 2646 τὸτοῦ
1476 2585 1549 2646 θεοῦ
1568 2607 1596 2648 πο
1618 2585 1789 2667 παραλιπὼν
1808 2587 1839 2651 υό
1860 2589 1883 2650 ι’
1904 2588 2018 2670 εὐσεβὲς

1349 2696 1440 2772 γαμεῖ
1458 2692 1561 2772 βιαίως
1582 2692 1691 2757 σκότιον
1706 2693 1901 2778 Ἀγαμέμνων
1918 2697 2007 2781 λέχος.

514 2797 585 2864 San.
609 2799 647 2862 63
663 2816 703 2864 ss.
726 2796 833 2881 (Hes.)
1409 2797 1487 2865 Eur.
1512 2805 1611 2867 laos.
1633 2801 1736 2886 (Hac.)

454 2907 611 2974 Lamenta
622 2907 767 2972 cessant?
789 2905 893 2986 turba,
914 2905 1066 2988 captivae,
1089 2924 1169 2988 mea,
1350 2914 1389 2998 τῷ
1413 2907 1439 2971 δ’
1463 2907 1483 2972 d
1502 2910 1620 2990 τλάμων

459 3015 565 3082 Ferite
586 3015 700 3097 palmis
720 3020 848 3098 pectora
875 3020 907 3083 et
927 3017 1074 3098 planctus
1099 3017 1181 3096 date,
1350 3023 1406 3080 ποῦ
1427 3025 1469 3106 πηῑ
1489 3019 1576 3102 μυίας
1596 3020 1738 3085 δουλεύσω
1758 3031 1862 3106 young,-

455 3123 499 3190 Et
519 3124 603 3189 insta
624 3123 737 3189 Troiae
757 3121 860 3189 facite.

1404 3259 1480 3328 Eur.
1502 3265 1541 3327 36
1554 3281 1595 3330 ss.
1618 3263 1738 3346 (Nept)

1346 3370 1395 3452 τὴν
1416 3370 1442 3433 δ’
1463 3371 1574 3434 ἀθλίαν
1591 3372 1667 3456 τήνδ’
1688 3371 1719 3436 εἴ
1737 3398 1777 3450 ng·
1796 3376 1912 3458 εἰσορᾶν
1933 3376 2014 3442 θέλοι

1345 3475 1487 3558 πάρεστιν,
1507 3474 1629 3558 Ἑκάβην
1649 3476 1780 3561 κειμένην
1801 3484 1899 3546 πολῶν
1920 3480 2019 3564 πάρος,

1346 3584 1458 3666 δάκρυα
1469 3583 1596 3667 χέουσαν
1615 3587 1712 3650 πολλὰ·
1727 3591 1777 3652 καὶ
1798 3594 1911 3654 πολλῶν
1932 3588 2014 3674 άπερ.

468 3771 538 3838 Iam
559 3772 591 3836 in
613 3771 667 3852 eis,
688 3788 770 3852 quae
787 3767 957 3836 ‘caudeam
980 3768 1058 3834 illud
1080 3767 1253 3852 (et-163)
1272 3771 1458 3849 sequuntur,
1491 3766 1652 3832 Troadum
1673 3772 1895 3852 argumentum
1920 3788 1940 3836 a
1963 3769 2081 3838 Seneca
2102 3769 2160 3838 dii·

369 3879 480 3947 fictum
503 3899 571 3947 csse
593 3884 692 3964 patet.
747 3878 779 3946 Is
803 3878 886 3943 euim
906 3879 1045 3960 primum
1064 3883 1247 3944 narrantem
1276 3875 1368 3942 finxit
1389 3875 1602 3958 Talthybium,
1624 3893 1695 3942 cum
1715 3877 1837 3959 ingenti
1857 3879 2019 3960 signorum
2040 3884 2161 3947 terrore

370 3988 501 4057 Achillis
522 3989 562 4055 ab
580 3989 689 4056 inieris
708 3988 868 4056 exstitisse
886 3988 1031 4055 umbram
1055 4005 1101 4068 ac,
1124 4006 1163 4054 ne
1184 3985 1281 4054 debiti
1301 3985 1359 4052 sibi
1380 3983 1580 4051 auferrentur
1601 3984 1737 4052 honoras
1757 3987 1917 4068 petivisse,
1940 3993 1977 4053 ut
1990 3987 2160 4072 Polyxene,

369 4098 518 4166 Hecubae
552 4097 619 4180 filia
647 4097 681 4161 in
711 4097 833 4162 tumulo
855 4113 912 4163 suo
935 4115 955 4162 a
978 4095 1099 4177 Pyrrho
1121 4099 1324 4162 mactaretur.
1367 4093 1437 4173 Qua
1469 4095 1509 4161 de
1528 4111 1564 4161 re
1586 4112 1667 4176 quae
1688 4095 1801 4179 Pyrrhi
1826 4103 1938 4164 exorta
1959 4103 2034 4164 sunt
2055 4099 2159 4183 iurgia

369 4212 402 4274 et
423 4207 678 4291 Agamemnonis,
703 4207 819 4289 qnippe
842 4205 896 4287 qui
916 4207 1043 4271 tantum
1063 4223 1103 4272 ne
1124 4205 1374 4271 committeretur
1393 4205 1516 4272 facinus
1537 4204 1704 4287 prohibere
1726 4207 1869 4274 studeret
1889 4206 1925 4291 ²),
1946 4226 1966 4274 a
1988 4207 2160 4277 Calchante

368 4315 561 4383 dirimamur
585 4319 724 4392 canente,
749 4314 810 4380 nisi
831 4333 903 4381 cum
918 4314 1081 4398 Polyxena
1102 4319 1171 4380 tum
1185 4315 1358 4396 Astyanax,
1380 4312 1525 4380 Hectoris
1545 4312 1629 4379 filius
1650 4318 1784 4384 mortem
1804 4315 2016 4395 occubuerint,
2040 4321 2160 4385 temere

363 4405 444 4490 'ante
454 4421 592 4490 Graecos
607 4439 745 4505 sperare,
767 4421 835 4487 fore
859 4427 896 4487 ut
918 4421 1053 4488 secundo
1074 4427 1167 4489 vento
1188 4440 1316 4490 cursum
1329 4427 1460 4496 teneant
1476 4422 1681 4506 (203-370).
1724 4421 1812 4501 Quae
1833 4425 2017 4492 vaticinatio
2036 4427 2158 4494 cantico

359 4531 532 4613 «excipitur,
553 4548 615 4612 quo
637 4531 751 4598 chorus
774 4547 889 4596 vanam
917 4533 950 4630 et
969 4526 1093 4596 futilem
1124 4529 1238 4597 statuit
1260 4546 1328 4598 esse
1361 4531 1539 4613 opinionem
1571 4543 1689 4611 eorum,
1713 4531 1766 4616 qui
1788 4534 1926 4598 animam
1947 4532 2006 4599 sibi
2029 4551 2159 4615 persua·

471 4844 496 4910 1)
519 4839 644 4894 ›Aiacis‹
664 4839 784 4896 coniecit
798 4839 963 4896 Gronovius.
992 4841 1086 4912 Neque
1104 4841 1179 4896 euim
1198 4841 1326 4897 maentiri
1342 4856 1455 4912 possum
1474 4841 1506 4896 B.
1517 4840 1645 4912 Peipero,
1663 4843 1748 4898 verba
1765 4841 1882 4898 delenti:
1901 4843 2051 4914 (ipsamque
2069 4843 2158 4898 maius

368 4937 522 4992 admissum
539 4935 630 4992 scelus
647 4937 747 4992 Aeaeis
767 4939 860 4994 armis.
899 4980 902 4987 ,

468 5061 496 5126 2)
515 5057 601 5128 Apud
613 5054 778 5127 Euripidem
796 5074 906 5144 quoqne
917 5057 1090 5128 Agamemno
1107 5057 1237 5114 Hecubae
1258 5057 1343 5114 rebus
1362 5058 1466 5114 studet.
1486 5056 1520 5114 cf.
1540 5059 1614 5114 enim

471 5177 536 5234 Hac.
559 5179 659 5247 120sq.
678 5175 776 5248 (chon.)
812 5169 846 5244 ἢν
864 5172 943 5230 δὲτὸ
960 5177 1016 5248 μὲν
1033 5173 1085 5231 σὸν
1099 5171 1228 5231 σπεύδων
1251 5171 1361 5246 ἀγαθὸν

811 5273 857 5340 τῆς
873 5267 1045 5345 μαντιπόλου
1063 5269 1176 5345 Βάκχης
1192 5269 1301 5346 ἀνέχων

812 5368 898 5436 λέκτρ’
908 5363 1098 5440 Ἀγαμέμνων.
