4936 6000
1149 447 1176 513 ·6

279 631 505 714 Astyanactem
526 626 626 694 filium
650 625 845 694 Graecorum
863 625 943 710 eripi
963 625 1093 694 insidiis.
1135 627 1244 708 Quare
1265 647 1335 695 cum
1364 629 1420 695 diu
1440 629 1610 711 ancipitem
1634 629 1776 696 animum
1800 628 1960 711 gessisset,
1983 629 2073 695 cuius

278 740 339 806 loci
360 739 552 821 praesidium
572 741 657 804 esset
677 737 880 818 tutissimum,
903 736 987 804 senis
1006 736 1092 802 illius
1111 739 1247 807 consilio
1263 737 1416 806 obsecuta
1433 739 1464 802 in
1487 739 1668 821 sepulcrum
1692 738 1837 805 Hectoris
1858 755 1994 822 puerum
2017 737 2071 804 ab·

279 847 410 915 scandit.
433 847 571 914 Vixdum
589 845 622 911 id
636 851 705 912 eret
723 843 852 926 lactum,
874 863 946 912 enm
960 843 1071 912 Ulixes
1095 845 1195 926 adest,
1217 851 1256 912 ut
1276 844 1318 912 ad
1340 847 1474 911 mortem
1493 845 1719 928 Astyanactem
1738 846 1898 930 deposcat.
1942 848 1989 912 Ac
2008 847 2072 928 pri·

278 975 365 1022 mum
398 956 525 1038 quidem
546 953 769 1022 Andromacha
801 954 902 1020 obisse
928 951 1028 1020 filium
1058 953 1185 1021 dictim
1213 971 1317 1036 neque
1339 952 1511 1034 quidquam
1532 953 1654 1034 Ulixes,
1683 955 1828 1036 quamvis
1857 955 2017 1022 cruciatus
2037 973 2072 1022 ae

279 1066 483 1134 admotmum
503 1082 571 1132 asse
590 1064 737 1142 minetur,
760 1061 882 1130 efficere
898 1067 1014 1144 potest,
1037 1066 1074 1127 nt
1086 1063 1141 1129 illa
1161 1065 1237 1146 quid
1256 1063 1298 1128 sit
1316 1062 1362 1126 rei
1385 1060 1579 1128 confiteatur.
1622 1061 1703 1130 Tum
1729 1079 1804 1129 vero
1825 1061 1968 1130 omnibus
1990 1081 2073 1143 quae

280 1177 503 1257 composuerat
523 1173 580 1239 illa
602 1171 711 1239 dilutis
732 1170 911 1251 mendaciis,
947 1169 1002 1235 ubi
1030 1171 1175 1252 sepulcro
1197 1169 1416 1238 absconditum
1438 1169 1660 1236 Andromacha
1680 1171 1771 1238 iurssit
1800 1169 1935 1253 prodire,
1959 1171 2072 1239 mauis

277 1301 319 1350 ne
338 1300 472 1364 magnae
501 1281 630 1363 quidem
660 1297 768 1364 preces
802 1280 843 1346 ad
877 1278 1012 1346 saluum
1043 1281 1135 1362 pueri
1162 1280 1277 1346 volent.
1332 1277 1459 1344 Etenim
1487 1277 1598 1346 Ulixes
1620 1295 1709 1344 mora
1732 1279 1809 1346 data
1840 1279 1957 1363 exgiua
1976 1279 2074 1346 matri

277 1390 436 1476 flagitanti
462 1395 500 1456 ut
530 1397 724 1472 postremum
755 1388 933 1455 exosculari
961 1393 994 1454 ec
1030 1387 1176 1470 amplecti
1201 1387 1301 1454 filium
1340 1387 1449 1453 liceret
1480 1389 1543 1454 iam
1575 1389 1773 1468 moriturum,
1810 1389 1850 1454 ad
1882 1387 2072 1470 supplicium

226 1496 230 1504 ’
278 1519 351 1569 eum
373 1500 474 1584 abripi
498 1501 586 1566 iubet
604 1497 802 1565 subeundum
825 1497 1029 1582 (coo-813).

377 1609 414 1674 ln
429 1608 565 1676 hisvero
578 1605 806 1689 componendis,
825 1622 907 1688 qnae
921 1606 1008 1672 tertii
1023 1603 1137 1671 finibus
1147 1609 1237 1671 actus
1247 1604 1490 1688 circumscripsit
1503 1603 1654 1673 Senecam
1669 1607 1829 1674 Troadum
1840 1605 1967 1674 labulae
1978 1625 2072 1691 argu·

278 1723 420 1786 mentum
451 1723 591 1784 mutasse
616 1722 758 1800 apparet.
795 1714 1018 1782 Andromacha
1035 1713 1162 1795 quidem
1182 1712 1280 1778 etiam
1300 1712 1342 1778 ibi
1364 1731 1436 1779 cum
1458 1715 1652 1796 Astyanacte
1674 1732 1800 1782 scenam
1820 1716 1964 1798 ingressa
1982 1713 2072 1799 fingi-

277 1833 342 1894 tur.
385 1825 447 1894 Sed
468 1843 550 1908 qnae
571 1826 631 1894 sibi
658 1826 787 1906 suisque
809 1824 998 1891 accidissent
1027 1829 1064 1889 ut
1087 1839 1158 1888 cum
1189 1819 1320 1886 Hecuba
1349 1822 1522 1899 conquesta
1548 1823 1607 1901 eat,
1641 1821 1743 1888 relata
1774 1821 1953 1904 Polyxenae
1976 1821 2073 1888 caede

278 1935 456 2019 perculsam
479 1935 623 2018 reginam
643 1933 834 2002 consolatur.
876 1931 1021 2013 Namque
1042 1930 1163 1998 maiore
1183 1947 1217 1996 se
1239 1927 1342 1996 vivam
1362 1945 1458 2008 quam
1481 1933 1640 1994 mortuam
1658 1929 1748 1996 illam
1770 1931 1861 1998 docet
1882 1948 1952 1996 esse
1979 1929 2072 1996 obru-

277 2049 345 2110 tam
365 2041 501 2124 miseria,
521 2043 639 2124 quippe
661 2059 746 2122 quae
773 2059 829 2124 spe
849 2058 913 2122 qua
933 2040 1083 2106 mortales
1117 2037 1359 2106 sublevarentur
1387 2037 1472 2101 omni
1494 2036 1537 2103 sit
1558 2038 1679 2104 deiecta
1710 2039 1805 2122 (Troi.
1831 2043 1890 2104 577
1911 2038 1980 2120 ss).
2022 2039 2072 2103 De

279 2154 398 2222 somnio
419 2169 494 2218 vero
521 2152 572 2218 vel
594 2169 630 2216 re
663 2151 802 2232 quadam
822 2150 925 2230 simili,
963 2167 1027 2231 qua
1050 2149 1092 2216 sit
1113 2146 1294 2230 perterrita,
1322 2145 1399 2212 nihil
1427 2163 1556 2228 prorsus
1578 2150 1813 2214 commemorat.
1855 2150 1900 2214 At
1922 2146 2072 2213 Hecubae

275 2260 417 2329 fabulam
435 2261 668 2344 perlustrantes
694 2261 728 2326 in
758 2259 859 2342 ipsam
882 2257 1045 2326 Hecubam
1066 2255 1230 2322 incidimus
1255 2254 1370 2332 exeis,
1394 2271 1476 2336 quae
1496 2253 1669 2322 meandum
1691 2256 1830 2336 quietem
1851 2255 1880 2322 ei
1902 2258 1972 2322 visa
1994 2257 2070 2320 sunt

279 2367 396 2437 attilio
420 2371 584 2436 timentem
606 2374 639 2434 et
659 2365 744 2436 filiae
765 2386 842 2434 suae
865 2366 953 2448 (Heu
967 2369 1006 2430 73
1017 2370 1084 2448 as).
1129 2361 1250 2440 Quibus
1272 2363 1367 2428 rebus
1389 2363 1436 2427 ita
1459 2379 1535 2428 usus
1555 2366 1606 2430 est
1619 2361 1747 2443 Seneca,
1770 2367 1808 2430 ut
1826 2381 1898 2429 cnm
1918 2364 1952 2429 in
1973 2363 2072 2446 priori

277 2478 405 2547 fabulae
427 2484 520 2560 parte
537 2495 586 2557 ea,
618 2494 700 2558 quae
730 2477 762 2542 in
797 2475 915 2542 somnis
941 2475 997 2540 illa
1018 2491 1052 2540 ae
1072 2472 1188 2541 vidisse
1221 2474 1361 2555 putaret,
1394 2487 1429 2535 re
1452 2488 1529 2536 vera
1550 2469 1635 2538 lacta
1663 2489 1734 2538 esse
1754 2469 1898 2555 lingeret,
1919 2477 1988 2537 tum
2011 2471 2072 2538 hoc

274 2587 345 2656 loeo
368 2586 489 2653 somnio
512 2587 680 2652 excitatem
714 2583 809 2650 vellet
831 2583 1094 2662 Andromacham,
1125 2585 1163 2647 ut
1186 2599 1242 2647 eur
1262 2595 1404 2644 moerore
1436 2597 1475 2646 ea
1497 2577 1639 2646 conlecta
1660 2583 1744 2647 esset
1767 2597 1911 2647 caussam
1932 2579 2071 2646 afferret

279 2696 368 2776 Quod
389 2713 465 2762 vero
488 2693 634 2761 abscondi
658 2701 753 2778 poeta
773 2692 849 2760 lecit
868 2695 1103 2776 Astyanactem,
1143 2707 1214 2756 eam
1245 2705 1312 2753 rem
1334 2705 1375 2753 ex
1394 2685 1634 2755 Andromachae
1657 2685 1765 2755 labala
1785 2687 1913 2756 videtur
1932 2693 2072 2756 transtu·

277 2805 369 2886 lisso,
393 2822 457 2886 qna
477 2803 511 2868 in
531 2801 639 2869 fabula
661 2801 835 2870 Molossum
855 2801 988 2884 legimus
1004 2799 1113 2880 filium,
1137 2803 1175 2864 ut
1197 2817 1216 2864 a
1234 2794 1370 2865 Menelai
1395 2798 1428 2862 et
1447 2795 1639 2864 Hermionae
1661 2796 1728 2862 eius
1748 2795 1833 2863 filiae
1852 2795 2072 2863 defenderetur

278 2913 405 2994 insidiis,
431 2913 471 2980 ab
486 2911 709 2979 Andromacha
729 2911 806 2978 loris
827 2927 898 2978 esse
912 2909 1129 2977 absconditum
1152 2907 1264 2991 (Andr.
1280 2913 1321 2972 47
1337 2909 1403 2992 ss).
1447 2897 1567 2992 Neque'
1580 2912 1779 2980 desideratur
1801 2911 1843 2980 ibi
1865 2931 1957 2980 serva
1975 2932 2072 2995 quae·

278 3025 351 3091 dam
372 3021 481 3103 fidelis,
504 3040 586 3104 quae
618 3021 711 3089 simili
742 3020 887 3102 quodam,
907 3037 970 3102 qno
989 3036 1086 3087 senex
1110 3017 1163 3085 ille
1197 3017 1282 3100 apud
1303 3017 1463 3100 Senecam,
1483 3018 1592 3086 dolore
1618 3021 1808 3088 calamitatis
1831 3021 2070 3090 Andromachae

277 3131 470 3197 imminentia
492 3135 693 3212 permovetur
707 3128 919 3212 (Androneo
932 3125 997 3210 sa).
1041 3125 1201 3207 Talthybii
1215 3127 1350 3210 denique
1364 3133 1474 3210 partes
1488 3145 1565 3208 esse,
1588 3135 1625 3195 ut
1645 3130 1830 3214 deposceret
1847 3133 2071 3216 Astyanactem

277 3237 445 3320 Euripides
467 3238 567 3304 coluit
586 3255 649 3303 non
663 3236 775 3317 Ulixis,
797 3252 891 3316 quem
914 3234 1040 3317 quidem
1062 3235 1095 3300 in
1119 3235 1251 3303 Hecuba
1264 3235 1374 3303 fabula
1393 3236 1477 3304 mitti
1489 3236 1589 3320 finxit,
1610 3241 1648 3306 ut
1658 3239 1851 3322 Polyxenam
1873 3241 1914 3306 ed
1935 3245 2071 3308 mortem

278 3347 447 3415 deduceret
466 3345 644 3414 obeundam
663 3342 907 3428 (Hesiodea).

377 3456 428 3520 Ex
448 3455 498 3521 his
521 3473 595 3521 vero
610 3453 775 3536 utriusque
796 3451 924 3518 fabulae
941 3451 1095 3534 partibus,
1119 3471 1199 3536 quas
1220 3453 1416 3536 adumbravi,
1438 3455 1471 3521 hi
1486 3473 1594 3522 veram
1616 3463 1693 3523 sunt
1712 3456 1902 3524 conferendi.
1946 3457 2070 3537 Quibus

278 3565 449 3649 adiungere
470 3563 565 3630 liceat
584 3581 632 3644 ea,
652 3580 734 3646 quae
756 3580 796 3629 ex
828 3561 1004 3628 imitatione
1036 3561 1174 3643 quadam
1210 3570 1373 3631 extremae
1404 3562 1531 3632 fabulae
1559 3565 1749 3647 Euripideae
1779 3569 1953 3649 composita
1984 3569 2071 3636 actui

277 3676 372 3742 tertio
395 3673 513 3742 Seneca
533 3673 675 3740 inseruit.

418 3782 490 3849 Sen.
512 3785 574 3846 498
586 3799 629 3848 ss.
651 3779 777 3864 (Andr.)
828 3857 838 3868 ,
1314 3779 1392 3846 Eur.
1413 3778 1510 3845 Andr.
1523 3781 1562 3842 47
1575 3797 1617 3846 ss.
1637 3779 1761 3862 (Andr.)
1784 3779 1837 3862 (cf.
1848 3785 1923 3866 309)

359 3891 437 3972 Quis
456 3895 489 3956 te
510 3889 607 3970 locus,
628 3905 710 3970 qnae
730 3887 817 3971 regio
836 3885 977 3966 seducto,
999 3883 1084 3950 invia
1256 3887 1333 3963 δςιι·
1356 3885 1414 3952 ἔστι
1436 3893 1504 3964 nota
1522 3911 1574 3968 μοι
1592 3887 1689 3967 μόνος,
1711 3887 1887 3970 ὑπεκσέμσω
1908 3891 2008 3978 λάθρᾳ

361 4002 443 4068 Tuto
463 3998 617 4081 reponet?
637 3997 708 4079 quia
729 3993 812 4062 leret
830 3995 959 4076 trepidis
976 3993 1091 4076 opem?
1256 3990 1359 4068 ἄλλους
1376 3993 1406 4068 ἐς
1428 3990 1530 4070 οἴκους,
1551 3994 1594 4074 pl
1613 3994 1692 4082 θάνῃ
1711 3993 1885 4078 φοβουμέιη.

361 4110 437 4188 Quis
449 4106 616 4190 proteget?
639 4106 693 4188 qni
704 4121 836 4186 semper,
859 4103 1048 4169 etiamnunc
1059 4105 1131 4166 tuos
1257 4097 1349 4184 ὁγὰρ
1371 4101 1514 4186 φυτεύσας
1533 4102 1619 4166 αὐτὸν
1640 4103 1697 4167 odd
1720 4105 1786 4186 ἐμοὶ
1806 4103 1886 4187 πάρα

358 4217 609 4295 Η99101111919;
1261 4215 1487 4294 προᾳυφελῆσαι,
1508 4212 1592 4276 παιδί
1612 4213 1639 4276 d'
1658 4213 1742 4278 ottae
1763 4215 1820 4278 ἐστ’
1842 4215 1927 4280 ἀπών
1948 4265 1985 4283 ..
2011 4265 2017 4282 .

418 4325 490 4393 Sen.
503 4329 564 4390 524
577 4342 620 4392 ss.
646 4321 757 4405 (Ulix.)
782 4319 806 4404 ¹)
1315 4319 1390 4384 Eur.
1414 4319 1528 4387 Troad.
1553 4326 1612 4386 709
1626 4340 1668 4389 ss.
1691 4325 1752 4389 719
1775 4324 1908 4408 (Taltb.)

359 4437 468 4502 Durae
489 4435 633 4500 minister
657 4429 760 4510 sortia,
785 4430 843 4496 hot
867 4429 1003 4511 primum
1025 4431 1108 4510 peto,
1260 4426 1386 4510 Φρυγῶν
1404 4427 1521 4512 dolesco
1543 4429 1611 4511 ape
1631 4433 1703 4493 ποθ’
1723 4429 1854 4515 Ἕκτορος
1868 4432 1967 4517 δάμαρ

361 4545 406 4611 11ι
427 4562 481 4609 ore
501 4542 645 4624 quamvis
666 4540 763 4607 verbo
784 4541 931 4606 dicamur
954 4554 1033 4618 meo,
1251 4536 1295 4617 μὴ
1319 4535 1367 4615 'pa‘
1386 4536 1536 4624 στυγήσῃς·
1581 4539 1633 4620 οὐχ
1653 4536 1727 4603 ἑκὼν
1746 4539 1802 4623 γὰρ
1825 4541 1936 4624 ἀγγελῶ

360 4655 430 4720 Non
441 4671 510 4720 esse
520 4651 628 4718 credas
639 4654 758 4717 nostra.
779 4649 949 4716 Graiorum
965 4647 1103 4714 omnium
1255 4644 1383 4706 Δαναῶν
1401 4667 1430 4707 ιι
1449 4645 1529 4708 κοινὰ
1552 4647 1725 4710 Πελοπιδῶν
1745 4645 1768 4710 2³
1790 4647 1957 4732 ἄγγε’λμαισ

362 4763 595 4844 Procerumque
616 4779 678 4826 vox
699 4765 756 4840 est,
787 4764 897 4841 petere
930 4775 1009 4838 qnos
1039 4773 1127 4823 seras
1251 4759 1377 4816 κτενοῦσι
1398 4753 1448 4816 σὸν
1469 4755 1559 4832 παῖδ’,
1578 4753 1616 4832 ὡς
1635 4757 1718 4846 πύθῃ
1734 4759 1823 4821 κακὸν
1842 4759 1928 4842 μέγα.
1944 4756 2031 4842 (719)

893 4868 1003 4934 domos
1258 4867 1323 4948 νικᾷ
1344 4861 1371 4923 δ’
1391 4861 1542 4940 Ὀδυσσεύς
1562 4863 1595 4927 ἒν
1613 4865 1796 4950 Πανέλλησιν
1813 4865 1912 4951 λέγων.
1928 4867 2016 4949 (721)

1252 4968 1336 5046 λέξας
1353 4970 1470 5053 ἀρίστου
1491 4974 1583 5036 παῖδα
1603 4975 1646 5057 μὴ
1665 4975 1778 5061 τρέφειν
1798 4977 1904 5059 πατρός

378 5297 404 5364 1)
423 5294 472 5349 His
490 5295 615 5351 versibus
633 5291 766 5349 Senecam
783 5293 920 5348 imitatum
938 5310 998 5348 esse
1015 5293 1081 5352 llur.
1107 5295 1208 5352 Troad.
1229 5297 1281 5352 709
1290 5312 1326 5350 sa.
1346 5297 1424 5350 recte
1446 5293 1502 5348 iam
1520 5292 1718 5350 animadvertit
1736 5291 1891 5348 Farnobius
1910 5289 1954 5360 (el.
1971 5289 2059 5346 Grau.

277 5392 315 5447 ad
332 5391 357 5447 lu
378 5395 422 5461 u).
