4936 6000
417 671 463 738 Et
482 671 562 738 iuba
579 669 602 753 ¹)
623 671 701 738 itffisi
723 670 800 736 (11118
823 669 895 736 velit
913 673 1040 736 11811188.
1317 667 1388 749 πρὸς
1404 673 1474 742 ναῦς
1484 666 1622 748 Ἀχαιῶν.

477 776 547 844 Son.
573 780 654 842 1050
665 793 706 842 ss.
729 773 841 857 (chor.)
1373 775 1450 840 Eur.
1474 775 1527 840 Tr.
1553 777 1633 840 1310
1646 793 1671 841 s.
1690 773 1794 857 (Hoc)
1819 779 1898 840 1322
1915 795 1940 843 s.
1961 775 2073 858 (chor.)

421 886 501 952 Tum
524 903 604 969 puer
622 884 727 964 matri,
750 885 956 965 genetrixque
974 887 1073 967 gnato
1315 885 1391 960 κόνις
1407 886 1433 947 δ’
1451 881 1501 948 ἴσα
1521 892 1622 974 καπνῷ
1640 884 1753 966 πτέρυγι
1775 885 1846 967 πρὸς
1864 884 1961 966 αἰθέρ’
2035 921 2039 932 ·

420 995 596 1077 Troiaque
617 995 719 1060 iaceat
741 995 868 1077 regione
889 999 1070 1062 monstrans
1317 995 1414 1058 ἄισιυν
1434 991 1520 1058 οἴκων
1538 995 1668 1074 cedetis
1687 993 1782 1077 θήσει.

420 1103 510 1168 Dicet
529 1107 562 1168 et
580 1103 673 1185 longe
691 1101 791 1185 digito
810 1103 952 1170 notabit:
1319 1101 1412 1181 ὄνομα
1430 1101 1463 1166 δὲ
1480 1109 1534 1183 γᾶς
1550 1101 1660 1184 ἀφανὲς
1679 1097 1769 1166 εἶσιν·
1812 1101 1932 1188 ditat

418 1211 511 1278 Ilium
530 1214 579 1277 est
596 1211 668 1288 illic,
690 1208 745 1276 ubi
766 1209 960 1279 immolre
1317 1210 1386 1274 oleo
1405 1211 1532 1292 φροῦδον
1550 1210 1613 1274 οὐδ’
1633 1209 1672 1275 ἔν’
1693 1209 1767 1275 ἔστιν

417 1320 523 1403 Serpit
543 1321 573 1384 in
594 1321 725 1398 coelum,
744 1320 940 1402 nebulaeque
953 1328 1079 1403 turpes.
1312 1318 1331 1382 ci
1350 1318 1471 1382 τάλαινα
1493 1319 1597 1400 Τροία.

418 1455 487 1546 Iam
513 1497 588 1544 vero
611 1477 641 1543 in
664 1485 808 1546 extrema
831 1477 941 1546 fabula
963 1479 1030 1545 fieri
1051 1497 1114 1544 non
1130 1477 1242 1560 potnit,
1264 1474 1340 1559 quin
1357 1473 1477 1542 Seneca
1497 1481 1533 1540 ut
1552 1477 1668 1542 mutati
1690 1477 1870 1560 argumenti
1893 1477 2014 1544 exitum
2035 1478 2131 1561 expli·

333 1595 422 1656 caret
447 1589 487 1653 ab
510 1586 660 1670 Euripide
683 1588 886 1670 discreparet.
931 1587 1044 1669 Itaque
1065 1587 1210 1653 nuntium
1231 1582 1388 1665 quendam
1413 1583 1595 1664 introducit,
1617 1585 1673 1667 qui
1696 1585 1735 1650 de
1756 1585 1851 1652 caede
1871 1592 1940 1652 tum
1951 1585 2132 1670 Polyxenae

336 1704 404 1764 tum
421 1697 606 1780 Astyanacti
628 1697 728 1763 inlata
749 1697 898 1764 certiores
921 1695 1017 1763 iaciat
1039 1696 1195 1762 mulieres.
1237 1691 1287 1758 Ex
1315 1692 1433 1776 quibus
1450 1692 1673 1760 Andromacha
1695 1695 1800 1760 nescio
1835 1713 1898 1776 qua
1919 1696 2001 1761 mira
2021 1696 2132 1762 imma·

338 1805 437 1870 nitate
461 1803 601 1869 adducta
622 1804 661 1868 ab
685 1803 737 1870 illo
759 1803 920 1886 impetret,
956 1808 992 1870 nt
1011 1801 1113 1868 multa
1136 1799 1319 1867 narratione
1343 1803 1490 1881 exponat,
1527 1803 1632 1882 qualis
1654 1803 1857 1886 Astyanactis
1884 1801 1997 1868 caedes
2031 1800 2128 1868 inemt

336 1910 511 1992 (1065111).
554 1907 676 1989 Corpus
696 1909 822 1988 quidem
836 1908 935 1990 pueri,
961 1907 1014 1988 qui
1034 1903 1204 1972 fortissimo
1223 1907 1327 1972 animo
1351 1911 1487 1973 mortem
1509 1908 1650 1990 subierit,
1675 1911 1720 1973 ita
1739 1909 1948 1976 dilaceratum
1972 1927 2053 1992 esse,
2076 1911 2130 1976 vix

335 2023 372 2084 ut
394 2017 432 2084 de
454 2018 620 2100 sepultura
641 2015 774 2099 cogitari
797 2017 897 2098 possit
919 2015 1015 2099 (1110
1026 2015 1089 2096 ss).
1134 2013 1260 2092 Quare
1283 2015 1401 2083 Seneca
1422 2017 1511 2100 quasi
1535 2018 1726 2100 prohibitam
1752 2017 1844 2085 finxit
1867 2019 2130 2101 Andrombcham

334 2146 376 2193 nc
397 2127 482 2192 iusta
502 2147 540 2193 ea
562 2125 679 2192 iaceret
699 2125 813 2194 filiolo:
839 2126 923 2209 apud
942 2125 1126 2208 Euripidem
1149 2143 1221 2190 cum
1240 2129 1365 2192 mortuo
1388 2123 1581 2207 Astyanacte
1603 2125 1792 2208 Talthybius
1824 2126 1856 2191 in
1878 2144 2003 2192 socnam
2024 2127 2132 2207 prodit

334 2235 375 2300 ab
398 2233 529 2298 Hecuba
550 2239 672 2315 petens,
696 2238 740 2311 ut,
776 2233 1002 2299 Andromacha
1035 2233 1098 2298 iam
1133 2227 1283 2314 proiecta,
1317 2253 1435 2300 munus
1457 2233 1536 2299 illud
1558 2252 1740 2316 supremum
1762 2235 1856 2300 obeat
1887 2233 1954 2318 (Tr.
1969 2237 2048 2300 1133
2064 2235 2128 2316 ss).

336 2343 518 2410 Clamorem
550 2359 624 2407 vero
655 2349 688 2408 ct
718 2341 993 2423 lamentationum,
1022 2341 1134 2422 quibus
1164 2340 1313 2406 obrutum
1348 2346 1439 2408 tanto
1477 2360 1552 2408 casn
1585 2347 1729 2423 nepotem
1758 2341 1889 2408 Hecuba
1918 2344 2129 2428 prosequitur,

336 2469 445 2517 eorum
478 2449 635 2531 quaedam
657 2450 689 2514 in
712 2451 848 2530 priorem
885 2446 1011 2514 fabulae
1040 2463 1118 2513 suae
1144 2450 1270 2529 partem
1291 2451 1495 2517 transtulisse
1522 2451 1673 2517 Senecam
1708 2469 1806 2534 supra
1833 2452 2128 2519 demonstravimus.

335 2562 379 2626 At
398 2563 612 2642 Astyanactea
641 2559 736 2625 caede
762 2560 864 2624 relata
885 2577 967 2639 quae
1000 2559 1040 2624 de
1071 2555 1250 2639 Polyxenae
1283 2560 1479 2626 mactatione
1504 2560 1638 2625 eundem
1672 2561 1818 2624 nuntium
1850 2564 2033 2626 narrantem
2053 2559 2130 2626 iacit

335 2674 431 2757 (1118
446 2673 500 2752 ss.)
522 2678 640 2752 quanto
665 2687 759 2752 opere
782 2669 814 2734 in
835 2670 878 2734 eis
894 2667 1043 2734 Hecubae
1057 2666 1198 2733 fabulam
1222 2667 1340 2735 Seneca
1361 2673 1488 2735 secutus
1511 2669 1560 2749 sit,
1584 2687 1622 2733 ex
1644 2669 1784 2735 versibus
1805 2687 1884 2751 quos
1904 2667 1987 2734 intra
2012 2669 2130 2736 contudi

335 2779 501 2862 intelliges.
545 2777 592 2844 hc
611 2797 652 2844 111
672 2777 853 2860 Polyxenae
876 2778 1003 2859 quidem
1026 2777 1192 2858 sepultura
1205 2775 1356 2843 Hecubae
1378 2778 1463 2861 apud
1490 2776 1640 2843 Senecam
1663 2796 1759 2845 curae
1780 2784 1837 2845 cst.
1881 2777 1944 2845 Sed
1966 2786 1999 2846 11
2019 2781 2131 2846 ceteris

334 2891 400 2956 suis
421 2907 498 2955 casu
526 2887 727 2955 infestissimo
750 2888 909 2971 oppressis
943 2891 976 2950 et
1000 2903 1111 2951 eversa
1138 2886 1243 2967 patria
1265 2887 1352 2967 urbe,
1388 2887 1472 2968 qnod
1493 2887 1593 2969 ipsam
1624 2887 1725 2953 solam
1744 2889 1902 2970 respuerit
1923 2887 2061 2964 fortuna,
2083 2887 2130 2955 la·

335 3000 452 3066 mentis
465 2997 603 3064 scdedit.
626 2998 695 3063 Iam
708 3013 889 3062 veronaves
900 3003 1011 3078 petere
1025 2991 1219 3061 Graecorum
1241 2997 1384 3062 anuntio
1407 2996 1548 3079 captivae
1563 2996 1711 3062 iubentur
1732 2995 1828 3080 (1118
1841 2997 1889 3082 s).
1913 2997 1984 3075 Qua
2004 2999 2131 3079 quidem

334 3109 367 3174 in
387 3125 424 3172 re
445 3125 516 3173 cnm
539 3108 635 3172 ctiam
662 3113 805 3172 extrema
829 3103 939 3172 tabula
957 3123 1072 3187 graeca
1099 3110 1251 3183 versetur,
1273 3107 1382 3169 tamen
1403 3099 1554 3168 Senecam
1587 3104 1742 3184 sprevisse
1774 3104 1930 3184 quaedam
1960 3105 2129 3188 intelliges,

336 3235 418 3299 quae
438 3216 555 3283 ibidem
577 3215 670 3282 finxit
689 3213 866 3298 Euripides
909 3215 993 3280 Nam
1015 3214 1101 3295 apud
1120 3233 1193 3278 eum
1207 3210 1405 3294 Talthybius,
1430 3211 1543 3276 Troiae
1565 3211 1706 3278 incendio
1727 3209 1855 3278 famulis
1877 3213 2043 3294 imperato,
2067 3214 2130 3281 He·

336 3328 448 3394 cubam
469 3325 577 3392 furore
607 3327 742 3409 quodam
778 3325 969 3392 concitatam
1003 3323 1043 3388 ad
1065 3339 1162 3388 naves
1188 3319 1383 3386 Graecorum
1412 3317 1515 3402 abripi
1537 3319 1633 3384 iubet.
1682 3317 1760 3385 Inde
1780 3321 1929 3388 mulieres
1951 3323 2039 3388 luctu
2058 3340 2130 3388 con·

336 3439 447 3518 fectae,
480 3455 550 3504 cum
572 3439 636 3502 iam
658 3437 768 3502 urbem
796 3436 934 3518 patriam
971 3431 1197 3500 nobilissimam
1218 3427 1288 3496 dari
1313 3426 1422 3492 vident
1446 3425 1580 3490 flammis
1607 3429 1703 3506 atquc
1723 3425 1842 3492 excidio
1866 3430 1904 3492 ut
1923 3427 2131 3493 conscendant

336 3571 432 3618 naves
452 3549 707 3633 proficiscuntur.

433 3683 553 3749 Versus
572 3699 647 3748 vero
671 3679 849 3746 conferendi
867 3677 901 3744 hi
922 3681 1012 3744 sunt:

478 3815 549 3883 Seu.
577 3811 839 3894 1063101111)
1374 3800 1450 3865 Eur.
1472 3795 1549 3865 Hec-
1582 3802 1643 3864 548
1654 3819 1679 3866 s.
1712 3799 1913 3883 (Talthybius
1936 3801 2129 3887 Polyxenam

420 3899 563 3992 Mactata
579 3923 668 4004 virgo
688 3927 745 3988 cst.
767 3921 882 3988 missus
902 3937 920 3985 1
943 3917 1042 3982 muris
1061 3933 1150 3998 puer.
1430 3907 1611 3990 loquentem
1629 3908 1718 3993 iacit)

419 4033 481 4101 Sed
497 4041 633 4113 uterque
651 4032 752 4097 letum
776 4033 883 4094 mente
903 4043 1057 4109 generosa
1076 4023 1158 4090 tulit.
1316 4017 1421 4082 ἑκοῦσα
1439 4017 1572 4100 θνῄσκω·
1603 4018 1646 4100 μή
1663 4043 1702 4094 τις
1716 4017 1825 4101 ἅψηται
1842 4019 1931 4102 χροός

1316 4128 1442 4207 τούμοῦ·
1486 4126 1600 4211 παρέξω
1621 4129 1676 4212 γὰρ
1699 4127 1783 4210 δέρην
1798 4128 1962 4211 εὐκαρδίως.

477 4269 701 4336 8111106511.
722 4265 847 4350 (Andr.)
1375 4259 1452 4324 Eur.
1474 4259 1550 4327 Hec.
1572 4261 1669 4326 5161.
1691 4261 1795 4345 (Η11.)

417 4380 550 4462 Expone
570 4381 683 4444 seriem
707 4377 811 4443 caedis
831 4380 864 4441 11
882 4373 1000 4456 duplex
1020 4371 1109 4438 nefas
1316 4366 1335 4452 ἢ
1354 4369 1424 4450 πρὸς
1444 4369 1474 4432 τὸ
1497 4369 1589 4432 δεινὸν
1608 4369 1715 4454 ἤλθεθ’
1738 4370 1775 4446 ὡς
1793 4370 1913 4454 ἐχθράν,
1937 4369 2021 4455 γέρον

418 4489 613 4570 Persequere
625 4489 660 4566 ²).
681 4484 801 4568 gaudet
813 4502 947 4567 magnus
962 4497 1133 4548 aerumnas
1144 4478 1233 4544 dolor
1315 4476 1466 4554 κτείνοντες
1475 4505 1486 4556 ,·
1503 4477 1566 4542 εἰπὲ
1584 4479 1688 4564 καίπερ
1706 4479 1741 4542 οὐ
1760 4477 1849 4556 λέξων
1869 4479 1950 4565 φίλα.

421 4597 573 4664 Tractare
592 4600 688 4662 totas.
710 4595 768 4662 ede
785 4599 818 4660 et
838 4611 959 4659 enarra
976 4595 1085 4658 omnia

478 4706 548 4772 Sen.
573 4704 840 4787 1110101111.)
1374 4703 1451 4769 Eur.
1473 4703 1548 4769 Hec.
1571 4709 1668 4771 521o.
1692 4704 1829 4791 (Talth.)

420 4816 507 4882 Idem
526 4815 581 4881 ille
600 4813 841 4898 populnsaliud
862 4813 904 4880 ad
924 4811 1046 4881 facinus
1068 4813 1151 4879 redit
1316 4813 1483 4896 παρῆνμὲν
1500 4813 1581 4895 ὄχλος
1603 4821 1658 4890 πᾶς
1672 4815 1815 4897 Ἀγαθοῦ
1837 4823 1957 4899 στρατοῦ

419 4925 652 5006 Tumulumque
673 4923 816 4990 Achillis
1315 4921 1421 5004 πλήρης
1439 4923 1495 5004 πρὸ
1515 4922 1626 5004 τύμβον
1643 4931 1692 5006 σῆς
1708 4922 1792 5006 κόρης
1809 4925 1857 4988 ἐπὶ
1878 4925 2000 5010 σφαγάς.

568 5111 634 5118 .—

438 5225 464 5295 1)
483 5223 575 5278 Minue
593 5228 658 5294 apte
678 5222 882 5279 banormum
899 5221 1011 5277 Delrine
1029 5226 1112 5294 putat
1129 5227 1257 5293 spectare
1274 5223 1310 5278 ad
1327 5223 1425 5294 Enrip.
1443 5223 1553 5279 Heracl.
1565 5225 1631 5279 830:
1650 5223 1710 5278 ἐπεὶ
1728 5225 1755 5278 d’
1775 5219 1888 5297 ἐρήμην
1909 5217 2007 5295 ὄρθιον
2027 5229 2131 5296 Τυρση-

336 5322 396 5394 νικῇ
413 5317 545 5391 σάλπιγγι
563 5325 592 5375 et
610 5319 693 5374 Rbes.
711 5337 738 5376 v.
745 5322 798 5376 988
808 5339 821 5388 ε,
840 5317 952 5379 navobr'
970 5319 996 5372 δ’
1014 5321 1128 5393 ἔχοντας
1147 5316 1201 5392 χρὴ
1220 5324 1317 5393 μένειν
1331 5321 1500 5390 Τυρσηνικῆς
1518 5315 1671 5392 σάλπιγγος
1687 5315 1782 5388 αὐδήν.
1803 5319 1941 5389 (aaaron.
1955 5319 1991 5374 ad
2004 5338 2029 5375 v.
2040 5321 2129 5388 1044.)

434 5443 463 5512 2)
485 5458 681 5512 ›persequere‹
701 5459 753 5513 pro
774 5459 972 5513 »prosequere«
992 5441 1067 5497 Elor.
1085 5441 1188 5496 librum
1206 5446 1317 5496 secutas
1336 5441 1464 5496 restitnit
1487 5441 1595 5513 Peiper.
